2925 3802
568 466 713 530 Quod
748 466 861 515 mihi
898 468 1056 534 ipsum
1102 484 1198 515 non
1235 469 1438 516 maximo
1478 466 1671 534 quidem
1713 467 1790 517 est
1822 475 2104 534 argumento
2119 491 2143 529 ‚r
2184 469 2351 536 maJori
2388 477 2564 531 uma,

339 582 481 641 qnam
527 564 656 632 quod
704 564 887 613 monuit
921 564 1057 614 Rost.
1096 564 1373 632 Comm.,p.
1398 563 1468 614 12
1515 568 1566 615 in
1604 569 1855 617 comoediis
1898 570 1995 617 σεῖε
2039 557 2272 618 Plautum
2318 586 2562 619 servorun

341 665 530 730 ίηςεηὰι
572 671 671 712 tam
718 666 947 731 graphice
997 666 1285 739 depinxisse,
1318 643 1389 715 'ut
1434 669 1521 716 hoc
1567 668 1768 716 maxime
1815 668 2009 739 vivendi
2053 685 2199 734 genus
2245 685 2332 716 usu
2376 670 2563 734 penitus

341 767 575 829 aequitum
625 766 837 813 habuisse
873 766 1102 814 videatur.
1182 765 1412 830 Quisquis
1450 767 1575 813 enim
1612 765 1898 813 audientium
1935 764 2124 812 laudem
2159 773 2207 813 et
2241 768 2561 815 assensionem

344 869 529 927 captat,
579 862 656 909 cui
692 864 761 910 rei
800 871 1090 930 quantopere
1131 862 1335 911 Plautus
1377 863 1636 928 studuerit,
1681 865 1811 929 ipsae
1851 861 2039 911 fabulae
2078 861 2265 912 abunde
2302 862 2562 926 declarant,

344 978 397 1009 ea
442 962 738 1027 potissimum
788 961 1041 1023 inducere,
1095 962 1186 1010 nisi
1235 963 1273 1009 si
1320 979 1514 1026 prorsus
1561 936 1755 1010 insanus
1800 967 1897 1018 est',
1954 960 2044 1009 sibi
2092 978 2280 1027 semper
2320 962 2562 1027 proponit,

342 1075 464 1123 quae
500 1066 611 1107 sunt
655 1059 1003 1124 acceptissima3
1055 1077 1296 1124 quumque
1339 1061 1388 1107 in
1436 1077 1612 1120 novae,
1661 1077 1783 1125 quae
1832 1058 2028 1119 dicitnr,
2076 1058 2342 1107 comoediae
2385 1058 2564 1107 sabulis

341 1158 464 1205 inter
517 1159 692 1221 primas
741 1165 884 1222 atque
932 1156 1050 1206 adeo
1099 1157 1303 1223 quodam
1349 1159 1488 1206 modo
1533 1160 1754 1222 primaria
1801 1160 1862 1206 sit
1922 1158 2047 1206 servi
2094 1175 2329 1223 persona,
2348 1155 2398 1223 ⁸)
2456 1176 2564 1223 gra·

341 1254 547 1318 tiamque
587 1260 638 1301 et'
670 1253 879 1318 leporem
927 1254 1162 1320 quendam
1206 1255 1320 1319 ipsis
1371 1240 1659 1321 argumentis
1699 1256 1763 1302 ita
1798 1254 2059 1318 impertiat,
2112 1262 2191 1312 ut,
2240 1254 2423 1303 sublata
2461 1254 2565 1316 illa,

344 1351 541 1416 cogitari
580 1350 743 1399 fabula
784 1353 863 1399 vix
900 1353 1073 1417 possit:
1123 1353 1225 1400 lieri
1267 1369 1363 1399 non
1398 1353 1571 1417 potuit,
1621 1360 1697 1409 ut,
1724 1353 1798 1399 'in
1832 1370 1925 1417 qna
1957 1369 2012 1398 re
2050 1350 2299 1416 plurimum
2337 1353 2564 1398 momenti

342 1451 523 1498 versari
564 1450 662 1515 ip'se
708 1458 846 1516 poeta
893 1443 1045 1516 probe
1087 1449 1408 1517 intelligebat,
1462 1452 1512 1498 in
1559 1468 1661 1498 eam
1704 1451 1819 1498 artis
1867 1451 2144 1517 ingeniique
2187 1466 2378 1516 operam
2419 1466 2563 1516 quam

339 1533 586 1597 maximam
628 1566 724 1598 non
765 1549 1016 1600 conferret.
1093 1550 1155 1604 ct:
1193 1549 1412 1616 Lessing.
1447 1548 1575 1616 opp.
1611 1549 1672 1601 T.
1693 1548 1889 1601 XXIII.
1923 1568 1970 1616 p.
2004 1547 2088 1597 16.
2129 1575 2206 1584 —
2254 1548 2365 1599 Non
2406 1549 2562 1615 magis

342 1647 463 1695 illud
499 1655 571 1695 est
610 1647 934 1712 probandum,
991 1648 1122 1714 quod
1167 1649 1310 1697 nullis
1349 1649 1575 1697 Plautum
1613 1648 1869 1715 majoribus
1908 1656 2065 1697 ortum
2104 1648 2251 1696 fuisse
2288 1665 2348 1696 ex
2383 1664 2562 1695 merea·

342 1753 475 1807 tura,
528 1762 672 1811 quam
723 1746 865 1808 fecit,
932 1762 1159 1812 apparere
1208 1746 1331 1795 idem
1377 1746 1616 1796 contendit
1663 1747 1874 1797 Rostius.
1962 1745 2164 1796 Minime
2216 1746 2340 1795 enim
2386 1745 2562 1807 omnia,

342 1851 395 1892 ut
436 1861 495 1892 ex
533 1818 786 1893 Cicerone‘¹
812 1842 903 1906 (de
943 1842 1089 1892 offic.
1115 1844 1158 1905 1,
1185 1841 1259 1892 42
1298 1844 1363 1895 cf.
1403 1844 1642 1895 Paradox.
1682 1844 1778 1905 vl,
1811 1842 1871 1908 2)
1919 1842 2230 1909 intelligitur,
2273 1849 2561 1892 mercaturae

344 1960 521 2009 genera
582 1942 708 2008 apud
751 1943 994 1989 Romanos
1052 1942 1242 1990 sordida
1293 1953 1433 2009 atque
1493 1951 1727 1990 contemta
1780 1944 2006 2002 fuerunt,
2066 1959 2219 2007 neque
2268 1941 2326 1990 de
2366 1922 2562 2007 gener&

343 2042 419 2087 cui
466 2057 655 2104 operam
709 2039 910 2087 Plautus
959 2039 1165 2096 dederit,
1194 2094 1197 2100 ¹
1227 2040 1482 2105 quidquam
1536 2043 1778 2105 cognitum
1826 2028 1947 2097 est,s
1985 2042 2077 2087 nisi
2137 2039 2261 2087 domi
2311 2056 2416 2087 eum
2463 2055 2562 2087 non

342 2140 599 2199 mansisse,
650 2137 735 2185 sed
780 2155 980 2204 peregre
1014 2139 1295 2204 profectum.
1373 2136 1599 2200 Acoedit,
1648 2138 1775 2204 quod
1815 2141 1863 2186 in
1898 2139 2014 2202 ipsis
2051 2137 2227 2186 tabulis
2267 2144 2458 2186 tantum.
2478 2136 2563 2186 ab·

341 2244 436 2298 est,
492 2243 545 2283 ut
585 2236 887 2301 ignominiam
933 2244 1224 2285 mercaturae
1271 2236 1527 2285 adhaerere
1577 2235 1931 2301 deprehendas,
1993 2245 2049 2285 ut
2100 2254 2197 2284 non
2252 2238 2349 2283 sine
2400 2234 2563 2315 aliqua

340 2334 483 2384 laude
519 2337 695 2384 mentio
744 2336 849 2401 ejus
896 2335 1145 2401 aliquoties
1191 2335 1288 2385 fiat.
1331 2335 1422 2383 vid.
1460 2335 1590 2400 Rud.
1629 2336 1719 2396 lv,
1750 2336 1815 2391 II,
1841 2334 1914 2383 25
1950 2354 2022 2401 sq.
2113 2334 2282 2383 Bacch.
2320 2333 2428 2394 111,
2465 2333 2561 2390 m,

339 2430 413 2480 55
435 2449 508 2497 sq.
563 2432 625 2482 cf.
663 2431 959 2481 Menaechm.
996 2432 1118 2497 prol.
1141 2430 1220 2507 25
1238 2450 1308 2497 sq.
1367 2432 1580 2483 Trinum.
1606 2434 1676 2498 11,
1708 2433 1774 2494 11,
1799 2431 1871 2481 50
1887 2451 1958 2498 sq.
2008 2433 2156 2482 Merc.
2178 2433 2217 2493 1,
2238 2432 2280 2492 1,
2302 2428 2372 2479 75
2394 2448 2466 2496 sq.
2485 2457 2565 2467 —

339 2529 451 2577 Hoc
497 2532 538 2576 si
580 2532 730 2595 igitur
773 2533 870 2577 veri
891 2518 983 2577 'est
1029 2529 1340 2584 simillimum,
1358 2530 1432 2595 **)
1481 2530 1685 2596 ignobili
1737 2517 1912 2597 genere
1950 2530 2175 2577 Plautum
2225 2537 2381 2576 ortum
2435 2546 2563 2592 esse,

339 2643 437 2677 non
486 2626 853 2674 dissentiendum
901 2626 961 2694 ab
1006 2629 1065 2674 iis
1100 2626 1314 2688 videtur,
1362 2629 1443 2692 qni
1491 2627 1710 2677 libertum
1760 2631 1876 2677 civis
1922 2627 2165 2694 cujusdam
2200 2627 2441 2689 Romani,
2489 2629 2567 2677 cui

339 2741 513 2773 nomen
553 2725 645 2774 fuit
679 2723 844 2786 Attio,
894 2742 1001 2774 eum
1056 2727 1356 2790 suspicantur
1393 2725 1564 2789 fuisse3
1610 2726 1703 2778 vid.
1742 2726 1963 2776 Mueller.
1998 2725 2172 2774 Introd.
2229 2725 2279 2773 in
2321 2725 2436 2777 Not.
2485 2726 2565 2776 lat.

339 2825 498 2887 script.
552 2822 612 2873 Τ.
639 2823 708 2874 11.
746 2841 793 2887 p.
819 2822 866 2874 7.
941 2823 1043 2872 Sed
1082 2823 1171 2872 hac
1209 2841 1351 2889 super
1396 2842 1449 2872 re
1487 2825 1593 2873 vide
1645 2824 1758 2891 quid
1792 2818 2097 2871 hallucinatus
2135 2823 2198 2870 sit
2235 2822 2378 2873 Rost.
2419 2841 2466 2888 p.
2495 2821 2565 2870 12

340 2927 439 2970 not.
477 2918 537 2976 2,
593 2922 675 2985 qni
730 2937 836 2967 cnm
886 2921 946 2968 L.
993 2919 1159 2981 Attio,
1207 2930 1347 2987 poeta
1395 2925 1607 2988 tragico,
1664 2921 1881 2969 versibus
1925 2919 2152 2967 faciendis
2190 2919 2419 2968 Plautum
2467 2937 2563 2966 una

489 3181 530 3234 *)
557 3180 702 3222 Mirum
744 3195 863 3238 quam
901 3150 1040 3225 inscite
1083 3184 1186 3225 servi
1231 3198 1439 3240 personam
1483 3185 1595 3240 plane
1642 3183 1808 3238 neglexit
1851 3181 2039 3223 Raumer.
2075 3182 2114 3223 in
2149 3182 2239 3223 Act.
2279 3179 2401 3222 Aoed.
2439 3180 2567 3222 Berol.

559 3263 595 3290 a.
624 3252 741 3294 1828-
765 3251 883 3292 class.
914 3250 1006 3293 hist.
1030 3251 1128 3307 phil.
1158 3266 1200 3308 p·
1231 3254 1326 3296 184.

461 3346 531 3401 W)
558 3348 851 3401 Aliquantulum
878 3353 1006 3390 tamen
1031 3350 1123 3391 olim
1149 3349 1357 3407 dubitabat
1384 3324 1566 3404 Lessing.
1597 3349 1704 3405 opp.
1728 3347 1779 3393 T.
1805 3347 1942 3393 XXII.
1966 3362 2009 3403 p.
2033 3349 2129 3391 269.

2013 3428 2042 3468 2
