2925 3802
1434 338 1507 408 15

352 491 501 545 iliud·
556 507 651 540 non
703 492 897 539 nimium
949 491 1089 557 lonqe
1138 491 1490 556 interpretaris,
1550 487 1743 554 aliquod
1799 490 2020 555 profecto
2069 495 2283 591 tempus,
2338 499 2433 555 quo
2484 497 2580 538 fin·

354 590 620 642 floruerunt
658 586 778 660 Cato
824 597 872 637 et
912 587 1114 636 Plautus
1161 581 1248 652 (ef.
1290 585 1513 652 Lessing.
1554 600 1599 653 p.
1633 585 1780 652 278).

583 709 808 758 Mortuus
866 716 935 756 est
977 704 1178 756 Plautus
1232 724 1354 755 anno
1415 715 1520 773 post
1557 705 1619 755 R.
1667 706 1801 754 cond.
1842 706 1974 768 569,
2026 710 2217 755 auctore
2249 706 2480 756 Cicerone
2528 710 2575 757 in

356 805 493 857 Brut.
531 803 646 864 XV,
678 804 777 868 603
831 805 925 854 vid.
964 802 1186 869 Lessing.
1227 823 1270 868 p.
1303 802 1411 852 276
1447 823 1519 869 sq.
1595 804 1781 868 Roepls.
1823 803 2018 869 Proleg.
2060 824 2106 869 p.
2132 804 2250 853 XII.
2338 795 2575 871 Hierony-

356 920 461 951 mus
498 902 688 970 quidem
727 904 777 949 in
819 901 1040 950 Chronic.
1076 898 1254 951 Euseb.
1295 902 1458 949 mortis
1493 920 1667 950 annum
1706 903 1860 950 fuisse
1896 881 2100 967 prodidit
2131 902 2416 970 Olympiade
2457 899 2578 965 145,

358 1017 451 1067 qua
493 1003 544 1049 in
590 1019 644 1050 re
692 1008 849 1049 tantus
899 996 1034 1049 error
1082 1007 1155 1048 est
1204 997 1514 1065 Hieronymi,
1576 1008 1628 1048 ut
1678 1008 1785 1064 post
1832 999 1949 1047 illud
1992 1010 2174 1065 tempus
2220 1000 2381 1066 plures
2438 1005 2578 1049 etiam

357 1099 548 1147 fabulas
588 1107 730 1163 poeta
765 1097 992 1145 docuerit.
1068 1096 1393 1159 Quamobrem
1432 1095 1733 1159 Ciceronem,
1789 1100 1872 1163 qui
1910 1097 1985 1145 bis
2025 1098 2273 1164 adscripsit
2313 1097 2579 1148 Consulum

358 1199 578 1257 nomina,
637 1198 784 1245 satius
849 1205 918 1244 est
965 1197 1123 1262 sequi,
1190 1214 1331 1261 qnam
1384 1166 1756 1262 Hieronymum,
1818 1196 2056 1243 hominem
2123 1198 2170 1243 in
2217 1202 2423 1246 numeris
2479 1215 2578 1246 non

359 1314 543 1361 semper
578 1303 865 1372 accuratum.
944 1295 1007 1344 cf.
1045 1293 1227 1342 Osann.
1265 1313 1312 1359 p.
1343 1292 1460 1343 145.
1511 1294 1740 1343 Bitschel.
1774 1314 1820 1358 p.
1849 1295 1895 1343 1.

585 1414 864 1464 Extremum
912 1422 1008 1475 est,
1067 1422 1120 1463 ut
1167 1414 1225 1463 de
1276 1414 1638 1480 epigrammate,
1706 1416 1834 1481 quod
1882 1418 2035 1482 ipsum
2082 1425 2265 1481 poetam
2309 1420 2478 1467 secisse
2528 1427 2577 1467 et

358 1483 659 1562 incidendum
688 1529 773 1559 suo
810 1511 1029 1577 sepulcro
1067 1511 1315 1576 reliquisse
1355 1512 1571 1560 Varrone
1610 1512 1727 1561 duce
1763 1522 1962 1562 testatur
1999 1514 2188 1562 Gellius
2223 1516 2285 1563 N.
2322 1516 2385 1563 Α.
2413 1518 2455 1577 1,
2482 1516 2574 1578 24,

358 1611 523 1675 paucis
581 1627 882 1674 exponamus.
997 1609 1181 1658 Versus
1241 1626 1437 1655 numero
1491 1611 1718 1658 Saturnio
1747 1612 1787 1674 ²⁸)
1845 1613 1892 1658 in
1940 1612 2067 1660 hunc
2122 1613 2311 1661 modum
2372 1617 2575 1663 restituit

358 1708 591 1775 Stieglitz.
632 1708 691 1755 de
732 1707 910 1755 Pacuv.
948 1706 1237 1754 Douloreste
1278 1707 1428 1772 (Lips.
1470 1705 1643 1774 1826)
1673 1726 1719 1774 p.
1746 1708 1843 1758 17:

657 1832 922 1899 Postquam
961 1812 1028 1880 esi
1074 1834 1215 1881 morli
1229 1831 1293 1896 **)
1343 1834 1506 1898 eaptus
1526 1814 1771 1890 ¹Plantus,
1823 1828 2079 1879 Comoedia
2119 1833 2273 1898 luqet,

658 1930 813 1979 Seena
854 1939 922 1979 est
957 1933 1153 1979 deserta.
1225 1931 1353 1979 Dein
1388 1931 1534 1978 Risus
1544 1965 1562 1991 ,
1610 1931 1778 1978 Ludus
1811 1929 2046 1996 Jocusque

656 2030 724 2078 Et
760 2030 964 2078 Numeri
996 2030 1231 2076 innumeri
1264 2029 1405 2076 simtd
1443 2045 1599 2076 omnes
1633 2028 2047 2077 collam—amarunt.

355 2150 487 2212 Quid
545 2158 699 2199 autem
749 2157 847 2211 est,
910 2149 1037 2216 quod
1075 2168 1102 2196 a
1131 2148 1289 2198 Gellio
1348 2148 1557 2196 additum
1614 2147 1816 2213 legitur?
1872 2149 2232 2206 dubitassemus,
2292 2167 2352 2197 an
2400 2149 2576 2198 Plauti

350 2246 478 2311 soret
515 2249 838 2313 epiqrumma,
877 2249 970 2295 nisi
1008 2265 1038 2294 a
1074 2247 1151 2296 M.
1193 2247 1247 2296 V
1240 2223 1411 2295 urrone
1441 2248 1643 2312 positum
1679 2244 1843 2309 suisset
1882 2248 1931 2293 in
1970 2247 2091 2295 libro
2127 2250 2189 2295 de
2221 2250 2368 2312 poetis
2397 2250 2569 2313 prime.

352 2344 598 2410 Numquid
636 2354 832 2410 propter
872 2344 1107 2409 quandam
1147 2342 1400 2392 verborum
1434 2345 1784 2408 arrogantiam?
1865 2344 2019 2409 Atqui
2055 2345 2130 2393 hic
2167 2354 2265 2392 erat
2310 2363 2412 2392 mos
2451 2347 2569 2409 anti·

353 2459 556 2507 quorum
604 2441 898 2490 Graecorum
944 2442 993 2490 et'
1033 2442 1387 2501 Romanorum,
1440 2450 1493 2488 ut
1545 2441 1603 2489 de
1655 2459 1707 2490 se
1760 2443 1858 2507 ipse
1911 2442 2203 2506 praedicaret
2258 2450 2401 2508 atque
2451 2442 2571 2492 adeo

347 2549 455 2607 post
492 2549 687 2588 mortem
721 2542 963 2588 nobilitari
990 2540 1163 2600 vellet,
1200 2516 1413 2606 quisquis
1454 2542 1643 2604 ingenio
1681 2542 1965 2588 autvirtute
2005 2541 2125 2588 inter
2149 2556 2259 2587 suos
2293 2539 2572 2589 excellebat.

257 2638 262 2642 ’
350 2638 481 2686 Hinc
518 2655 684 2686 versus
724 2638 795 2685 illi
837 2639 1040 2686 Enniani
1088 2637 1213 2702 apud
1253 2637 1350 2688 Cic.
1393 2645 1575 2703 quaest.
1618 2638 1763 2686 Tusc.
1801 2639 1845 2698 1,
1873 2636 1968 2701 153
2005 2637 2133 2698 hinc,
2182 2638 2397 2702 inquam,
2445 2638 2573 2702 apud

352 2733 563 2785 Gellium
611 2735 804 2791 Naevii,
859 2735 1048 2796 Plauti,
1099 2734 1299 2784 Pacuvii
1349 2738 1700 2801 epigrammata.
1791 2735 1979 2797 Quodsi
2026 2753 2110 2783 suo
2152 2735 2264 2799 jure
2317 2738 2572 2801 qnisquam

350 2831 550 2897 gloriam
595 2834 710 2896 prae
749 2850 801 2880 se
838 2832 973 2894 tulit,
1029 2834 1070 2880 is
1109 2841 1181 2881 est
1218 2832 1450 2895 Plautus,
1496 2833 1632 2899 cujus
1679 2833 1841 2896 nulla,
1900 2833 2022 2899 quod
2074 2835 2303 2894 sciamus,
2357 2842 2461 2883 acta
2500 2843 2572 2883 cst

349 2926 538 2991 fabula,
590 2929 711 2996 quae
751 2946 848 2978 non
889 2929 1144 2995 placuerit,
1195 2931 1396 2997 quique,
1446 2941 1617 2997 suopte
1665 2920 1859 2998 in'genio
1901 2941 2039 2996 atque
2078 2939 2181 2980 arte
2222 2919 2420 2982 mirifice
2457 2951 2568 2981 con·

501 3178 538 3230 *)
564 3178 842 3220 Hexametrum
867 3179 1184 3223 substituendum
1211 3184 1363 3224 censuit
1393 3183 1547 3226 Osann.
1571 3183 1688 3225 Anal.
1722 3198 1761 3238 p.
1787 3184 1855 3224 37.

476 3283 534 3336 ’”“)
561 3283 624 3324 De
655 3283 731 3326 hac
764 3290 896 3327 vetere
935 3286 1110 3327 Ablativi
1145 3258 1267 3328 l'orma
1293 3287 1344 3330 cf.
1376 3287 1618 3333 Taubmann.
1653 3288 1705 3328 ad
1731 3254 1976 3328 Menaechm.
2006 3286 2078 3336 111,
2106 3286 2153 3336 ll,
2184 3288 2245 3331 14.
2305 3286 2564 3330 Lindemann.

562 3357 615 3397 ad
639 3356 753 3412 Capt.
781 3357 851 3407 lv,
879 3357 927 3407 ΙΙ,
950 3361 1017 3403 27.
1047 3358 1279 3403 Schneider.
1303 3360 1474 3402 Gramm.
1499 3358 1528 3401 1.
1551 3374 1590 3415 p.
1614 3361 1695 3402 232
1719 3369 1783 3412 sq.
1822 3356 2041 3399 Weichert.
2070 3356 2184 3398 Poet.
2212 3356 2280 3401 lat.
2308 3357 2416 3411 reliq.
2444 3370 2483 3412 p.
2502 3358 2569 3401 56.
