2925 3802
1446 279 1521 340 10

358 441 552 490 operam
589 421 776 483 dedisse
828 421 891 470 ab
939 423 1140 489 ejusque
1190 423 1368 470 familia
1416 441 1587 471 nonen
1634 424 1865 470 sumsisse
1904 423 2150 482 divinarit.
2247 422 2410 473 Attius
2462 425 2586 472 enim

356 530 500 572 nat-s
550 531 624 571 'est
672 529 778 588 post
821 523 1038 588 quintum
1085 521 1317 570 decimum
1367 538 1571 585 anunm,
1626 539 1768 589 quam
1806 521 2010 583 Plautius
2056 530 2161 570 erat
2201 530 2432 575 mortuns,
2457 522 2511 588 *)

498 668 501 670 ·
585 641 768 691 Verum
804 641 864 689 ad
899 643 1048 707 ipsam
1082 642 1185 707 jam
1226 643 1464 689 veniamus
1504 644 1646 702 vitae,
1683 659 1780 707 qua·
1815 659 1924 689 usus
1964 648 2036 689 est
2070 640 2299 702 Plautus,
2339 644 2584 703 rationein,

298 774 304 786 ,
355 756 481 811 qnae
525 741 694 807 paucis
744 739 828 788 illa
876 738 1066 806 quidem
1120 737 1476 805 significabitur.
1553 737 1688 786 Nihil
1736 740 1860 786 enim
1911 737 1970 786 de
2023 724 2177 788 causis
2226 738 2454 787 traditum>
2495 747 2583 800 est,

355 837 531 908 quibus
581 845 825 902 permotus
880 837 1082 900 patriam
1128 846 1269 901 poeta
1318 836 1589 901 reliquerit,
1647 816 1790 895 nihil,
1849 852 1945 899 quo
1992 838 2158 884 aetatis
2208 853 2332 883 anno
2379 836 2582 883 Romam

355 954 409 985 se
446 923 707 985 contulerit.
786 932 1064 982 Cavendum
1104 942 1258 982 autem
1309 945 1407 995 est,
1456 953 1516 982 ne
1551 937 1599 980 in
1640 934 1785 981 rebus
1821 934 1960 997 plane
1999 934 2217 981 obscuris
2255 942 2430 981 temere
2465 934 2582 981 divi-

354 1051 469 1081 nare
517 1034 677 1099 potius
717 1051 862 1100 quam
901 1034 1139 1099 sapienter
1176 1041 1334 1081 tacere
1382 1033 1639 1082 videamur.
1718 1031 1869 1100 Cujus
1907 1033 2096 1098 generis
2144 1031 2263 1080 illud
2303 1039 2400 1089 est,
2450 1030 2582 1097 qnod

354 1132 444 1180 nisi
506 1148 567 1180 cx
615 1131 786 1181 Naevii
845 1129 1060 1196 exemplo
1119 1132 1279 1178 nescio
1340 1129 1465 1178 unde
1524 1136 1729 1177 sumtum
1788 1131 1878 1191 sit,
1938 1128 2065 1195 quod
2126 1128 2263 1179 fluxit
2317 1130 2579 1197 Vissering.

354 1238 536 1296 quaest.
574 1229 653 1277 ΡΙ.
691 1229 750 1278 Ρ.
786 1230 813 1277 Ι
848 1247 894 1293 p.
919 1227 1006 1289 11,
1054 1247 1192 1278 arma
1231 1231 1456 1276 adversus
1493 1206 1901 1292 Carthaqinienses
1938 1229 2170 1277 Plautum
2222 1232 2415 1301 gessisse
2462 1232 2583 1278 inter

352 1328 678 1377 Rornanorum
719 1328 880 1376 socios.
956 1326 1025 1375 Ut
1060 1327 1207 1392 igitur
1253 1325 1314 1373 ad
1352 1343 1406 1373 ea
1455 1313 1732 1393 redeamus,
1783 1344 1906 1391 quae
1943 1326 2003 1375 ad
2048 1335 2225 1375 certam
2266 1328 2582 1393 cognitionem

350 1432 694 1501 pervenerunt,
747 1424 932 1473 Romae
978 1424 1172 1473 fflnctus
1222 1432 1291 1473 est
1329 1422 1561 1507 Plautus,
1611 1431 1664 1471 ut
1713 1422 1850 1473 docet
1889 1422 2102 1486 Genius,
2153 1427 2356 1490 operarii
2409 1429 2581 1476 scenici

350 1541 577 1585 munere,
604 1523 680 1591 **)
730 1522 860 1590 quod
908 1522 1048 1590 quale
1100 1523 1269 1579 fuerit,
1334 1497 1559 1570 traditum
1609 1539 1706 1568 non
1757 1530 1844 1572 est.
1929 1523 2125 1572 Partam
2173 1523 2282 1572 inde
2332 1526 2582 1590 pecuniam

352 1621 552 1672 contulit
602 1621 662 1671 ad
709 1624 1050 1683 mercaturam,
1105 1637 1307 1688 peregre
1354 1620 1556 1677 factam,
1606 1617 1713 1669 sed
1748 1620 1950 1687 perdidit
1993 1639 2193 1672 omnem.
2280 1623 2391 1685 Qua
2437 1625 2486 1672 in
2523 1624 2581 1674 're

348 1719 471 1770 fflud
503 1707 831 1770 difficillimum
873 1728 949 1770 cst
987 1720 1274 1787 dijudicare,
1326 1719 1562 1786 quomodo
1601 1718 1851 1782 acciderit,
1900 1729 1955 1769 ut
1995 1720 2056 1768 ad
2096 1731 2407 1771 mercaturam
2447 1741 2579 1772 exer-

352 1819 550 1869 cendam
612 1821 822 1867 animum
882 1818 1157 1866 admoveret
1215 1818 1296 1865 ille
1367 1820 1440 1864 vir
1493 1816 1842 1882 tanti‘ingenii
1895 1821 2149 1878 acuminis,
2216 1838 2360 1886 quum
2426 1839 2580 1887 neque

289 1954 295 1958 .
347 1919 549 1983 pecunia
585 1917 792 1965 defuerit
846 1916 906 1964 ad
945 1916 1267 1983 quaerendum
1316 1918 1489 1963 victum
1529 1915 1887 1981 quotidianum,
1935 1923 2012 1976 et,
2063 1912 2279 1984 quamvis
2318 1919 2579 1984 operarius,

349 2022 475 2065 esset
502 2022 676 2065 *tamen
711 2014 846 2080 loco,
893 2014 1008 2079 ipsis
1042 2013 1160 2074 illis,
1210 2013 1259 2061 in
1300 2031 1421 2078 quae
1468 2014 1569 2078 jam
1621 2022 1721 2063 tum
1758 2015 1918 2085 aliquo
1964 2015 2106 2064 modo
2153 2035 2260 2064 eum
2308 2016 2579 2065 incubuisse
2665 2075 2671 2084 1

346 2110 595 2178 probabile
652 2122 751 2173 est,
798 2098 968 2161 studii}
1018 2114 1274 2175 aptissimo.
1352 2112 1501 2159 Haud
1553 2116 1677 2160 enim
1717 2115 1843 2176 scio,
1891 2132 1951 2160 an
1998 2132 2095 2161 non
2138 2118 2239 2164 sine
2287 2116 2606 2185 dubitationev

346 2193 699 2263 assentiendum
751 2215 812 2261 sit
848 2213 1018 2260 Rostio
1057 2211 1242 2261 Comm.
1295 2228 1339 2276 p.
1369 2209 1438 2259 18
1485 2219 1531 2260 et
1567 2211 1738 2261 Franc.
1781 2211 1966 2261 Rittero
2014 2215 2064 2261 in
2118 2213 2288 2264 Diurn.
2340 2213 2576 2265 Scholast.

349 2327 397 2361 a:
440 2308 597 2359 1850.
644 2328 692 2377 p.
729 2308 838 2358 884
880 2326 983 2376 sq„
1043 2310 1125 2374 qui
1170 2307 1422 2368 Plautum,
1484 2317 1536 2356 ut
1588 2309 1842 2357 multarum
1889 2328 2075 2370 rerum,
2135 2330 2318 2359 morum
2367 2311 2579 2378 inprimis

489 2560 538 2618 ⁴*)
567 2561 661 2603 Vid.
688 2561 865 2615 Madvig.
902 2561 1053 2615 opusc.
1085 2560 1209 2602 Acad.
1239 2575 1280 2614 p.
1310 2562 1364 2603 90
1402 2564 1481 2602 not.
1546 2559 1651 2599 Nam
1699 2561 1806 2614 quod
1844 2561 1946 2601 duos
1984 2566 2123 2616 poetas
2158 2527 2449 2608 Attiosoeinisse
2488 2578 2577 2605 non·

569 2632 662 2672 uuili
691 2634 758 2684 (ut
783 2630 990 2685 Koepkius
1014 2631 1165 2684 Proleg.
1196 2644 1238 2684 p.
1268 2629 1421 2682 LVlll)
1448 2633 1685 2677 statuerunt,
1719 2629 1987 2684 negligendum
2012 2632 2102 2686 jure
2127 2633 2272 2687 optimo
2302 2632 2468 2675 videtur.

470 2744 536 2796 ⁴⁸⁶)
569 2743 668 2788 Gen.
699 2742 753 2786 N.
781 2740 1036 2790 A.111,111.
1091 2741 1197 2782 Male
1243 2740 1420 2795 permulti
1467 2741 1517 2781 de
1561 2739 1694 2781 verbis
1736 2742 1778 2781 in
1813 2743 1952 2794 operis
1992 2743 2195 2794 artificum
2233 2744 2484 2784 rccnae‘eorum
2523 2744 2577 2784 ita

535 2812 886 2869 interpretantur,
929 2814 975 2853 ut
1006 2808 1204 2852 histrionis
1236 2808 1418 2867 partibus
1457 2803 1639 2852 Plautum
1675 2823 1833 2865 operam
1865 2810 2026 2855 dedisse
2055 2811 2232 2867 judicent
2266 2812 2357 2863 (vid.
2385 2811 2576 2857 Ritschel.

566 2884 618 2925 de
647 2887 724 2926 aet.
751 2883 813 2924 ΡΙ.
838 2896 878 2939 p
911 2883 963 2925 13
989 2894 1053 2936 sq.
1081 2881 1133 2922 οἵ.
1160 2881 1316 2938 Koepk.
1345 2881 1497 2936 Proisg.
1523 2895 1563 2936 p.
1592 2880 1729 2934 xlv„
1765 2886 1885 2937 atque
1913 2882 2014 2924 adeo
2042 2882 2187 2924 factum
2215 2886 2299 2930 est,
2336 2886 2381 2924 ut
2405 2881 2577 2924 Sebaafl’.

569 2951 729 3007 Εηιηεῐ.
772 2953 811 2994 b.
843 2951 1007 3002 attath.
1052 2953 1101 2994 P.
1133 2955 1168 2993 1.
1207 2966 1247 3007 p.
1280 2955 1358 2996 127
1403 2956 1443 2993 et
1478 2952 1680 2996 Wachler.
1726 2950 1860 3004 Θεῖᾱ).
1901 2953 1940 2995 b.
1975 2949 2047 2998 Εἱί.
2076 2951 2107 2996 l.
2148 2967 2187 3007 p.
2220 2953 2296 2996 181
2339 2951 2577 3006 praesectum

566 3022 796 3063 histrionum
832 3033 868 3062 s.
902 3022 1194 3077 iuver-acorem
1243 3019 1457 3060 histricum
1509 3019 1700 3076 (Poeoui.
1737 3020 1835 3075 proi.
1863 3019 1928 3076 4)
1968 3023 2126 3076 poetam
2173 3020 2299 3063 fuisse
2346 3020 2576 3064 monuerint.

567 3091 750 3132 Ceterum
797 3102 970 3145 unquam
1013 3091 1217 3134 histrionis
1260 3098 1394 3148 partes
1428 3105 1452 3134 a
1490 3093 1633 3134 Plauto
1675 3096 1888 3148 susceptas
1928 3106 2043 3142 esse,
2096 3106 2208 3135 nemo
2252 3091 2364 3135 facile
2403 3090 2574 3146 negabit,

565 3160 761 3215 siquidem
797 3160 914 3200 etiam
939 3160 989 3200 L.
1018 3162 1281 3205 Andronicum
1306 3176 1474 3205 morum
1501 3165 1723 3205 carminum
1752 3154 1935 3204 actorem
1962 3161 2088 3204 fuisse
2113 3162 2257 3203 docent
2285 3160 2426 3202 Livius
2444 3159 2532 3208 Vll,
2547 3162 2576 3203 2

567 3234 607 3270 et
634 3229 768 3271 Valet.
798 3228 907 3271 Max.
936 3228 985 3277 11,
1015 3230 1086 3280 lv,
1115 3233 1154 3274 4.
1211 3232 1263 3276 cs.
1291 3231 1427 3274 wolff.
1467 3233 1517 3275 de
1543 3235 1645 3274 cant.
1677 3233 1715 3274 in
1740 3232 1860 3276 Rom.
1887 3232 1967 3275 sab.
1989 3246 2097 3277 scen.
2124 3246 2165 3287 p.
2195 3233 2261 3276 10.
2319 3230 2497 3273 Stievius
2525 3229 2576 3271 de

564 3291 620 3339 rei
646 3314 754 3341 scen.
783 3312 854 3356 tp·
872 3300 982 3346 Rom
1004 3301 1102 3356 orig
1128 3315 1170 3358 p.
1200 3304 1270 3354 80.
