2925 3802
1419 372 1491 473 1³

341 521 527 571 venisse
576 518 734 585 aliqua
786 519 993 566 virorum
1044 516 1292 567 doctorum
1338 516 1514 582 insigni
1567 515 1807 583 diligentia
1854 514 2064 577 videtur,
2091 515 2132 577 *)
2184 524 2231 565 et
2268 519 2306 565 si
2344 518 2404 566 ad
2445 517 2571 582 ilias,

280 678 285 685 ι
341 621 391 668 in
444 600 618 685 quibus
670 626 809 682 poeta
869 591 1085 666 versatus
1146 624 1242 676 est,
1314 624 1565 681 antequam
1628 615 1895 664 comoedias
1961 614 2168 663 scribere
2227 616 2568 681 ingrederetur,

342 720 464 767 vitae
502 719 708 764 rationes
745 716 948 763 animum
984 714 1263 774 attenderis,
1299 738 1377 749 ·--
1424 732 1478 761 ea
1516 714 1664 779 igitur
1702 716 1742 760 si
1775 716 2152 778 comparaveris,
2201 721 2382 763 tantum
2420 716 2568 778 abest,

278 829 284 838 ’
345 830 400 869 ut
446 819 809 886 peradolesceus
828 818 893 882 *Ἴ
949 817 1138 867 fabulas
1188 804 1391 866 Plautus
1451 820 1499 865 in
1547 833 1736 866 scenam
1792 818 2059 882 prodidisse,
2107 798 2444 867 existimandus
2491 821 2568 882 sit,

343 929 397 969 ut
436 921 542 985 ipso
577 919 725 968 ferme
767 918 880 967 belli
919 918 1092 966 Punici
1141 916 1335 966 secundi
1380 918 1534 965 initio·
1555 917 1753 981 primam
1792 919 2110 982 composuisse
2150 918 2394 979 videatur,
2448 936 2571 965 auno

344 1021 506 1068 aetatis
570 1019 758 1066 circiter
803 1017 1180 1084 quadragesimo.
1203 1015 1301 1081 ***)
1398 1013 1448 1063 Α
1490 1033 1583 1081 qua
1645 1018 1874 1063 sententia
1932 1016 2274 1082 aliquantulum
2334 1016 2572 1082 discrepat

342 1116 663 1177 Ritschelius,
712 1116 793 1182 qui
843 1133 903 1163 ex
957 1116 1044 1175 iis,
1094 1131 1217 1180 qnae
1269 1114 1317 1161 in
1358 1111 1600 1161 Ciceronis
1647 1112 1728 1163 lib.
1769 1113 1828 1162 de
1867 1113 1992 1179 Rep.
2027 1115 2101 1162 lv
2134 1112 2207 1178 (c.
2238 1116 2318 1183 x.)
2358 1117 2571 1166 locutum

343 1216 494 1264 fiiisse
546 1215 819 1281 Scipionem
879 1221 1215 1261 commemorat
1263 1209 1562 1277 Augustinus
1614 1210 1719 1263 Civ.
1758 1212 1821 1263 1)ss
1858 1212 1938 1273 11,
1977 1213 2045 1274 9,
2097 1215 2335 1265 Periclem
2396 1218 2575 1266 violam·

342 1316 548 1363 versibus
608 1322 654 1362 et
715 1331 792 1362 eos
840 1315 923 1380 aqi
972 1316 1022 1360 in
1078 1329 1239 1368 scena,
1295 1329 1389 1359 non
1440 1312 1550 1377 plus
1610 1313 1767 1359 decuit
1785 1344 1800 1371 ‚
1861 1330 2004 1379 quam
2057 1314 2101 1360 si
2145 1312 2371 1369 Plautus-
2411 1322 2572 1363 noster

343 1413 562 1462 voluisset
609 1419 692 1460 aut
730 1411 939 1460 Naevius
975 1410 1152 1459 Publio
1205 1416 1250 1457 ct
1284 1406 1444 1457 Gnaeo
1482 1409 1699 1475 Scipioni
1738 1410 2048 1466 maledicere,
2099 1411 2317 1475 quoniam
2360 1411 2430 1458 illi
2461 1411 2567 1461 Sci·

341 1510 540 1574 piones,
594 1516 712 1558 teste
750 1508 892 1557 Livio
926 1507 1090 1568 XXV,
1120 1504 1388 1562 52-56,
1453 1505 1533 1565 (cf.
1573 1505 1783 1555 Wetzel.
1823 1505 1923 1557 Cic.
1966 1505 2075 1558 Cat.
2113 1515 2160 1555 et
2194 1507 2326 1555 Lael-v
2364 1509 2568 1558 Excurs-

343 1607 397 1670 7,
434 1607 485 1659 2.
561 1608 741 1657 Moser.
777 1606 838 1655 ad
878 1605 977 1656 Cic.
1019 1614 1200 1672 quaest.
1241 1604 1435 1652 Tuscul.
1477 1604 1520 1667 I,
1538 1603 1630 1666 5⁷,
1655 1604 1745 1666 89)
1789 1623 1912 1653 auno
1958 1599 2068 1654 542
2103 1608 2154 1655 in
2192 1607 2424 1673 Hispania
2472 1626 2569 1657 una

344 1706 571 1765 obierint,
634 1707 860 1755 Plautum
915 1706 1160 1774 aliquanto
1201 1705 1361 1769 prius,
1425 1719 1549 1750 anuo
1598 1704 1785 1779 circiter
1820 1702 1957 1764 550,
2012 1704 2275 1753 comoedias
2324 1707 2567 1772 scripsisse
2650 1740 2682 1751 2

343 1804 594 1855 contendat
641 1822 882 1871 apparere.
971 1803 1177 1862 Verum,
1238 1809 1293 1852 ut
1343 1798 1683 1862 concedamus,
1732 1799 1859 1865 quod
1922 1801 2114 1867 quidem
2169 1821 2263 1852 non
2321 1823 2567 1870 negamus,

343 1912 452 1952 ante
491 1922 665 1951 annum
704 1901 812 1951 542
861 1902 995 1951 datas
1042 1919 1146 1950 esse
1194 1900 1383 1949 fabulas
1415 1899 1695 1965 Plautinas,
1742 1901 2002 1949 cavendum
2040 1910 2222 1963 tamen,
2267 1914 2331 1951 'ne
2369 1906 2564 1952 nimium

343 2001 637 2069 temporibus
679 2002 770 2050 isto
814 2001 921 2049 loco
968 1973 1180 2064 tribuas,
1238 2014 1333 2064 quo
1397 1997 1738 2047 incommodius
1789 2006 1919 2048 certe
1977 2017 2084 2049 cnm
2133 1999 2309 2050 Plauto
2358 1999 2567 2053 Naevius

344 2101 579 2160 sociatur,
601 2101 651 2163 †)
714 2115 835 2165 quae
883 2096 1074 2164 quidem
1122 2113 1198 2145 res
1247 2097 1312 2145 ita
1351 2095 1454 2144 fere
1508 2093 1692 2143 videtur
1742 2113 1885 2160 posse
1931 2099 2172 2158 excusari,
2216 2106 2270 2146 nt
2316 2098 2376 2146 ad
2412 2100 2567 2163 ipsum

470 2346 533 2402 ¹⁴*)
562 2350 654 2391 Vid.
690 2350 734 2392 C.
764 2348 807 2390 F.
827 2323 1047 2390 Hermann.
1084 2348 1121 2387 in
1153 2331 1399 2400 Ephemerid.
1436 2346 1596 2387 Halens.
1631 2361 1667 2387 a.
1707 2349 1814 2390 1838
1850 2363 1889 2401 p.
1919 2350 2013 2391 135.
2081 2350 2129 2389 cf.
2161 2351 2376 2402 visset-ing.
2409 2356 2566 2405 quaest.

484 2467 486 2471 ¹
561 2416 691 2460 Plaut.
720 2418 767 2459 P.
794 2416 825 2458 l.
856 2431 941 2473 cap.
970 2414 1060 2457 VlL

469 2517 530 2570 **)
559 2516 656 2556 vid.
684 2515 857 2569 Lessing
882 2529 924 2569 p.
950 2516 1043 2556 270.
1101 2512 1310 2565 Vissering
1337 2511 1383 2551 P.
1412 2510 1442 2550 1.
1464 2525 1504 2565 p.
1534 2511 1597 2553 10.

462 2616 532 2664 Μ)
559 2611 737 2653 Eandem
784 2612 885 2658 sere,
925 2609 1031 2665 quod
1074 2609 1139 2649 hic
1175 2607 1347 2649 conferre
1382 2607 1517 2656 liceat,
1563 2609 1733 2658 Naevio,
1756 2597 1898 2665 ⁴quum
1933 2611 2087 2654 fabulas
2125 2615 2161 2653 iu
2197 2627 2356 2655 scenam
2394 2616 2567 2669 primum

561 2682 715 2729 ederet,
740 2686 906 2723 aetatem
931 2680 1056 2721 fuisse
1074 2679 1228 2733 judicat
1250 2678 1428 2719 Schuett.
1462 2679 1513 2720 de
1540 2679 1693 2721 Naevio
1726 2695 1767 2735 p.
1795 2682 1861 2723 22.

490 2778 533 2833 †)
563 2779 756 2827 Plautus,
807 2778 988 2833 quamvis
1022 2789 1046 2817 a
1081 2792 1247 2820 censura
1291 2782 1333 2820 et
1375 2779 1550 2821 irrisione
1591 2781 1654 2821 sui
1689 2780 1856 2821 maxime
1902 2781 2086 2834 temporis
2131 2794 2282 2821 morum
2328 2795 2407 2822 uon
2454 2783 2570 2835 plane

561 2845 816 2900 abstinuerit,
856 2845 930 2888 sed
975 2847 1117 2888 veteris
1155 2846 1380 2889 comoediae
1420 2860 1584 2902 graecae
1617 2845 1867 2890 acerbitatem
1916 2848 2107 2904 quandam
2142 2862 2266 2904 saepe
2301 2850 2568 2899 immiscuerit,

560 2922 606 2958 ut
629 2917 775 2958 Bacch.
802 2917 876 2967 m,
902 2917 966 2957 ln.
999 2918 1070 2965 lv,
1094 2917 1156 2966 X,
1184 2919 1275 2962 149.
1304 2917 1429 2959 Aulul.
1454 2916 1531 2966 ΙΙΙ,
1564 2919 1606 2969 V
1642 2917 1710 2974 (cs.
1736 2917 1871 2959 Wolff.
1908 2918 1958 2959 de
1986 2912 2086 2959 cant.
2124 2918 2164 2959 in
2192 2919 2312 2961 Rom.
2342 2917 2423 2963 sab.
2459 2932 2566 2961 scen.

530 2994 531 2997 ’
560 3000 604 3041 Ρ.
631 2987 703 3041 33)
713 3001 726 3037 ;
767 2986 839 3035 lv,
867 2986 941 3031 lx.
997 2986 1154 3028 curcul.
1177 2985 1235 3035 11,
1263 2985 1330 3030 111.
1394 2985 1512 3041 Epid.
1538 2985 1672 3044 11111.
1732 2985 1904 3029 Trinum.
1931 2985 1969 3035 1,
1996 2985 2027 3029 1.
2058 2985 2114 3035 11,
2148 2986 2198 3030 ll.
2229 2987 2302 3036 lv,
2328 2987 2397 3032 m.
2454 2987 2567 3033 Pers.

559 3054 626 3103 111,
654 3054 702 3102 11.
756 3056 921 3099 Mercat.
949 3056 997 3103 11,
1025 3055 1098 3098 111:
1148 3059 1329 3098 accurate
1364 3058 1492 3096 tamen
1528 3054 1604 3097 sibi
1633 3056 1755 3104 cavit,
1790 3070 1838 3097 ne
1868 3055 2005 3096 Naevii
2034 3054 2176 3098 similis
2201 3056 2465 3112 judicaretur,
2501 3056 2569 3110 qui

559 3122 612 3164 ob
634 3122 790 3180 probra
814 3126 857 3166 in
880 3126 1091 3180 principes
1115 3125 1302 3167 civitatis
1335 3125 1379 3165 in
1398 3123 1565 3166 vincula
1592 3126 1806 3180 conjectus
1831 3132 1924 3177 ατς
1957 3139 1994 3168 v.
2013 3124 2114 3168 Gau.
2141 3124 2197 3169 N.
2223 3126 2273 3167 Δ.
2304 3122 2372 3175 111,
2399 3122 2475 3174 1113
2513 3124 2568 3168 cf.

556 3194 757 3235 Funcctus
795 3195 858 3235 dea
881 3195 984 3239 adol.
1018 3197 1043 3242 Ι.
1071 3196 1098 3239 Ι.
1127 3195 1182 3243 11,
1206 3194 1296 3236 Vll.
1343 3194 1495 3248 Osann.
1524 3195 1640 3239 Anal.
1677 3196 1761 3239 crit.
1790 3210 1831 3251 p.
1863 3195 1956 3240 14⁵.
2020 3194 2181 3237 Santen.
2217 3193 2271 3236 ad
2305 3193 2396 3238 Ter.
2433 3194 2568 3238 Maur.

556 3262 621 3305 ed.
653 3277 691 3307 v,
715 3265 892 3319 Lennep.
931 3279 970 3318 p.
1003 3266 1098 3309 356.
1126 3266 1285 3322 Zumpt.
1319 3267 1372 3308 ad
1406 3266 1486 3317 cte.
1514 3267 1630 3309 verr.
1658 3265 1698 3315 Ι,
1728 3269 1792 3315 10,
1818 3267 1885 3309 29.
1923 3281 1965 3324 p.
1989 3268 2058 3311 72.
2124 3266 2303 3311 Schuett.
2342 3266 2394 3308 de
2416 3266 2569 3309 Naevio

551 3347 593 3388 p-
622 3336 675 3378 16
701 3348 766 3390 sq.
821 3335 1022 3377 Eodemnc
1053 3342 1255 3392 spectant,
1289 3352 1392 3393 quac
1422 3339 1603 3393 leguntur
1628 3336 1817 3381 Pseudoi.
1845 3337 1945 3392 prol.
1973 3338 2056 3381 222
2088 3337 2167 3380 vid·
2196 3336 2361 3381 Planck.
2389 3337 2440 3378 de
2467 3338 2566 3391 orig.

556 3407 634 3446 vet.
663 3407 762 3459 trag.
791 3417 856 3460 sp.
886 3397 1003 3450 Rom.
1033 3421 1076 3462 p.
1103 3408 1159 3451 30
1185 3410 1266 3451 not.
1468 3422 1471 3425 ·
