2925 3802
1436 292 1552 369 16,

348 442 490 498 fisus,
517 439 589 488 .id
630 438 761 505 quod
801 437 1003 485 maxime
1039 433 1320 499 intelligitur
1360 450 1386 480 e
1427 432 1669 498 prologis,
1714 449 1837 498 quos
1878 427 2075 501 pro'pter
2106 433 2156 483 id
2195 436 2348 502 ipsum
2385 414 2580 507 egrefie
2655 483 2661 487 .
2733 410 2737 414 -

348 540 618 604 discrepare
668 555 695 585 a
735 534 1033 584 Terentianis
1082 531 1222 580 facile
1276 530 1408 579 vides
1470 529 1558 596 (cf.
1597 531 1776 583 Wolff.
1816 532 2012 599 Proleg.
2071 535 2132 583 ad
2175 533 2340 587 Aulul.
2385 514 2579 605 p.'52)‚

349 637 510 703 aliquo
566 651 714 702 prope
765 632 961 682 dixerim
1020 631 1222 697 imperio
1269 630 1419 679 tenuit
1470 630 1775 696 spectatores.
1872 628 1958 679 'An
2008 649 2121 681 vero
2173 652 2339 684 versus
2389 636 2579 707 stilique

347 736 585 782 rationem
645 733 857 799 graviter
908 729 1148 805 <instigans
1193 729 1379 795 Meyer.
1428 729 1480 776 in
1526 728 1649 776 Nov.
1686 726 1816 778 Anu.
1866 728 2000 794 Lips.
2040 748 2084 782 a.
2123 730 2266 800 1855
2310 733 2481 800 Suppl.
2510 735 2578 786 ΙΙ,

347 831 489 879 Fasc.
528 830 595 883 11.
642 848 690 896 p.
719 826 819 877 181
878 826 1265 901 impedimentum
1319 825 1457 875 nobis
1506 825 1723 892 objiciet,
1783 845 1878 894 quo
1936 830 2090 878 minus
2132 828 2409 880 Plautinum
2450 833 2579 899 judi·
2666 859 2679 865 -

350 947 538 991 cemus,
599 927 732 996 quod
782 945 810 975 a
852 927 1028 976 Plauto
1088 905 1353 992 profectum
1412 942 1516 973 esse
1567 926 1724 975 Varro
1779 927 2025 992 prodidit?
2117 928 2299 978 Verum
2365 948 2461 983 non
2521 949 2581 980 ex

350 1036 540 1088 nostro,
594 1027 681 1076 sed
721 1045 780 1075 ex
819 1028 1030 1092 ipsorum
1069 1034 1279 1073 veterum
1318 1024 1671 1086 Romanorum,
1725 1028 1807 1092 qui
1849 1027 1939 1074 isto
1988 1045 2181 1076 numero
2231 1028 2338 1076 rudi
2379 1046 2494 1078 sane
2533 1036 2581 1079 et

351 1144 518 1192 aspero
556 1128 604 1173 in
640 1124 1026 1190 inscriptionibus
1065 1127 1138 1173 usi
1177 1125 1470 1189 potissimum
1511 1130 1645 1184 sunt,
1668 1121 1722 1189 ⁸)
1765 1142 1894 1173 more
1928 1126 2160 1191 judicium
2198 1135 2310 1175 esto·

500 1331 540 1385 *)
571 1331 650 1373 vid.
681 1331 891 1377 Dueutzer,
922 1331 1008 1371 Liv.
1038 1330 1209 1371 Andron.
1238 1331 1376 1385 fragm.
1405 1344 1444 1384 p.
1474 1335 1536 1375 15.

2739 3791 2796 3802 υμΔ
2835 3788 2925 3802 *affl
