2925 3802
1455 318 1493 379 6

375 459 558 524 captiv.
590 459 687 520 ΠΙ,
730 460 820 519 IV,
857 457 963 507 114
1002 479 1070 524 sq.

357 566 362 570 '
670 558 933 607 Mac-ileum
971 576 1076 618 ore,
1124 575 1236 605 naso
1272 567 1436 617 amoto,
1478 548 1678 624 vcorpure
1716 561 1851 618 albo,
1899 567 1944 607 et
1982 560 2128 606 oeulis
2165 562 2338 626 m‘qn‘e,

673 654 905 720 Subrufus
949 658 1266 724 aliquantum,
1317 658 1520 723 crispus,
1569 659 1866 706 cincinnatus.
1917 695 1919 698 -

375 753 571 804 Asinar.
608 752 686 813 11,
714 735 817 814 ill,
854 752 928 801 20
962 770 1031 818 sq.

672 851 947 901 Macilentis
993 854 1147 911 malis,
1188 850 1398 915 rufulus,
1475 854 1764 920 aliquantum
1821 855 2075 900 ventu-iosus
2092 886 2106 910 ,

676 930 973 998 fruc-alenti«
1013 955 1181 1011 oeulis,
1230 956 1355 998 tristi
1400 951 1585 1015 fronte,
1628 955 1867 999 commoda
1913 960 2106 1001 statura,

377 1050 551 1103 Mirum
621 1058 776 1097 autem
846 1058 1072 1133 quantum
1147 1049 1402 1110 accideret,
1480 1052 1546 1111 si,
1616 1036 1808 1115 qualem·
1876 1050 2073 1098 hominis
2147 1049 2346 1116 alicujus
2412 1051 2576 1101 faeiem

379 1146 548 1212 legeris
596 1146 938 1212 significatam,
983 1145 1061 1195 tali
1111 1147 1256 1195 fuisse
1299 1148 1396 1211 ipse
1441 1155 1603 1196 auctor
1650 1155 1775 1195 esset
1824 1146 2169 1221 existimandus.

601 1245 788 1306 Quum,
841 1245 916 1293 vel
952 1220 1147 1309 propter
1187 1245 1521 1310 negligentiam
1560 1246 1792 1311 quandam
1834 1245 1909 1293 vel
1946 1218 2267 1311 disputationis
2303 1202 2578 1294 difficultate

376 1360 469 1390 non
506 1342 802 1391 mediocriter
836 1341 1068 1402 deterriti,
1122 1360 1228 1389 raro
1266 1351 1444 1390 tantum
1487 1345 1767 1409 minimeque
1802 1342 2037 1391 subtiliter
2087 1343 2145 1391 de
2182 1343 2325 1391 natali
2373 1353 2578 1409 tempore

376 1425 535 1489 Plauti
586 1443 923 1506 quaesivissent
969 1443 1233 1507 superiores
1283 1441 1377 1500 illi,
1427 1443 1507 1507 qui
1559 1434 1628 1490 de*
1660 1443 1761 1508 ejus
1807 1445 1898 1490 vita
1953 1450 2290 1507 exposuerunt,
2312 1474 2317 1480 x
2342 1443 2579 1492 commode

377 1557 488 1588 sane
538 1542 713 1588 nostris
760 1538 1049 1604 temporibus
1096 1557 1194 1588 eam
1245 1558 1342 1588 rem
1391 1539 1603 1587 nonnulli
1643 1540 1730 1586 viri
1772 1539 1896 1587 docti
1947 1539 2217 1604 diligentius
2254 1543 2581 1605 copiosiusque

377 1646 580 1686 tractare
615 1640 821 1703 ingressi
857 1646 980 1687 sunt.
1059 1638 1265 1702 Scripsit
1304 1637 1363 1685 de
1399 1645 1547 1685 aetate
1577 1638 1737 1685 Plauti
1773 1639 2230 1699 commentationem,
2264 1629 2378 1703 prae
2414 1640 2581 1686 ceteris

376 1737 640 1802 insignem,
705 1737 786 1786 Fr.
832 1735 1121 1784 Bitschelius
1178 1734 1366 1798 (Bonn.
1404 1733 1604 1801 1841),
1662 1736 1741 1799 qui
1789 1737 1861 1782 vir
1906 1737 2097 1782 summis
2135 1738 2181 1784 in
2220 1735 2488 1783 adornando
2537 1745 2582 1785 et

377 1851 523 1901 prope
569 1834 878 1883 restaurando
929 1842 1067 1900 poeta
1102 1827 1341 1882 Sassinate
1390 1842 1485 1881 tam
1529 1834 1765 1881 doctrinae
1814 1850 1956 1899 quam
2004 1834 2182 1900 ingenii
2227 1835 2403 1882 meritis
2441 1834 2578 1884 lucet.

376 1932 528 1981 Plane
574 1933 778 1998 primum
827 1931 947 1980 illud
995 1932 1054 1981 ab
1103 1930 1320 1980 omnibus
1369 1932 1469 1980 fere
1517 1930 1781 1997 neglectum
1832 1939 1958 1988 erat,
2013 1931 2139 1997 quod
2167 1908 2203 1979 'a
2243 1930 2469 1981 Cicerone
2523 1933 2581 1980 si-

377 2032 648 2097 gnificatum
697 2032 873 2097 legitur
909 2034 958 2078 in
998 2030 1100 2080 Cat.
1143 2030 1249 2096 maj.
1290 2031 1427 2089 xlv,
1466 2029 1555 2090 50,
1588 2031 1661 2078 xad
1709 2039 1993 2079 senectutem
2033 2024 2224 2079 'venisse
2259 2031 2509 2093 Plautum3
2531 2031 2583 2097 ⁴)

377 2131 580 2196 indeque
617 2131 815 2190 factum,
871 2136 923 2177 ut
965 2129 1239 2177 falsissimae
1280 2127 1413 2189 illae,
1462 2146 1580 2193 quas
1617 2129 1825 2195 singulas
1863 2131 2078 2194 proferre
2116 2129 2296 2190 taedet,
2348 2130 2405 2178 de
2441 2130 2583 2178 natali

378 2230 483 2296 ejus
523 2246 646 2277 anno
686 2246 771 2295 per
817 2228 1011 2295 longum
1049 2228 1270 2294 temporis
1312 2229 1514 2292 spatium
1566 2221 1798 2294 viguerint
1842 2229 2102 2292 opiniones3
2121 2227 2196 2294 ⁸¹⁸¹)
2256 2246 2376 2294 quae
2413 2228 2584 2294 quibus

378 2328 586 2375 nitantur
623 2325 910 2385 rationibus,
960 2328 1037 2373 vix
1075 2326 1375 2390 intelligitur,
1415 2326 1505 2373 nisi
1543 2325 1630 2383 hoc
1673 2326 1782 2373 licet
1819 2327 2070 2389 suspicari,
2115 2326 2270 2374 fraudi
2308 2326 2415 2387 illa,
2464 2342 2585 2391 quae

379 2424 573 2472 multum
615 2423 892 2485 turbarunt,
937 2426 1072 2471 etiam
1122 2425 1219 2471 istis
1270 2424 1416 2471 fuisse
1469 2422 1612 2471 verba
1652 2422 1889 2471 Ciceronis
1926 2426 1973 2470 in
2012 2433 2189 2488 quaest.
2264 2424 2410 2471 Tusc.
2448 2423 2499 2482 Ι,
2533 2421 2584 2471 It

532 2672 569 2718 ')
597 2668 729 2709 Verba
765 2668 986 2715 Ciceronis,
1028 2669 1127 2708 male
1165 2683 1187 2708 a
1223 2667 1423 2722 permultis
1461 2666 1673 2712 intellecta,
1717 2672 1820 2707 recte
1855 2644 2137 2721 interpretatus·
2165 2672 2227 2708 est
2266 2666 2507 2707 Ritsclielius
2538 2666 2588 2705 de

600 2743 675 2779 aet.
702 2739 764 2781 Pl.
795 2754 834 2794 p.
863 2740 913 2781 19
953 2742 1029 2779 not.
1057 2741 1084 2781 4
1116 2739 1163 2778 cl.
1201 2735 1307 2778 Idem
1345 2737 1381 2776 in
1414 2735 1519 2777 Mus.
1562 2734 1688 2775 Rben.
1726 2734 1862 2777 Philol.
1893 2750 1927 2776 a.
1962 2738 2079 2780 1841.
2107 2735 2135 2776 Ῑ.
2160 2750 2201 2791 p.
2229 2739 2293 2780 51.
2361 2734 2507 2789 Meyer.
2548 2734 2587 2773 in

600 2807 813 2849 Zimmerm.
841 2807 950 2849 Diar.
975 2820 1010 2848 a.
1041 2808 1144 2851 1836
1179 2821 1217 2861 p.
1247 2809 1363 2851 1155.
1442 2805 1622 2848 Ceterum
1656 2805 1720 2846 illo
1761 2806 1844 2848 loco
1888 2808 2003 2848 etiam
2041 2809 2076 2848 is
2111 2806 2280 2849 debebat
2315 2807 2389 2855 uti,
2432 2807 2498 2860 qui
2541 2806 2589 2847 de

599 2875 749 2917 Naevio
775 2879 890 2932 poeta
918 2876 1093 2931 scripsit,
1133 2876 1177 2916 A.
1204 2875 1433 2917 Schuettius
1462 2873 1681 2930 (Herbipol.
1716 2876 1853 2926 1841).

514 2988 568 3035 ‘*)
598 2985 688 3026 Vid.
718 2985 870 3026 Parcus
891 2986 946 3025 ‘in
977 2972 1083 3025 disss
1113 2984 1214 3025 laud.
1245 2984 1396 3025 Harles.
1425 2983 1555 3025 ³Notit.
1593 2984 1645 3023 lit.
1674 2983 1786 3024 Rom.
1816 2983 1864 3029 ll,
1888 2985 1923 3026 6.
1954 2983 2124 3025 Mueller.
2157 2983 2300 3025 lntrod.
2339 2984 2374 3023 in
2403 2981 2493 3023 Not.
2536 2982 2589 3023 lit.

600 3054 714 3095 Rom.
746 3070 783 3107 p.
809 3057 847 3096 7.
912 3054 1108 3095 Wachler.
1138 3050 1268 3103 Θεῖἀ).
1297 3055 1334 3094 b.
1366 3053 1432 3094 stit.
1462 3053 1490 3093 l.
1516 3068 1554 3105 p.
1588 3054 1676 3094 181.
1735 3051 1962 3105 Roquefort.
1998 3054 2033 3092 in
2061 3052 2192 3093 Millini
2218 3053 2242 3092 l.
2276 3052 2298 3091 l.
2357 3050 2519 3091 Limiers
2552 3051 2588 3090 in

601 3123 698 3165 diss.
730 3122 810 3164 fab.
842 3122 907 3164 ed.
946 3122 1146 3176 praemiss.
1177 3120 1225 3162 cf.
1254 3120 1395 3161 Donat.
1432 3120 1483 3160 ad
1519 3117 1674 3161 Terent.
1711 3119 1825 3160 Andr.
1861 3119 1955 3174 prol.
1989 3121 2048 3163 18.
2115 3119 2306 3162 Wieland.
2342 3118 2436 3161 Hor.
2464 3118 2590 3172 Epist.

603 3191 649 3232 Τ.
679 3190 724 3232 11.
752 3205 790 3245 p.
820 3192 885 3234 84.
944 3190 1107 3231 Crusius
1139 3187 1225 3234 zeb.
1263 3188 1302 3230 b.
1339 3184 1458 3235 &bm-
1486 3185 1616 3237 ἴθίᾠΐ.
1653 3187 1712 3229 ed.
1742 3187 1915 3230 Schmid.
1951 3201 1988 3242 p.
2012 3189 2050 3231 9.
2107 3187 2280 3230 lndidem
2319 3186 2413 3228 illud
2447 3187 2592 3228 factum

601 3265 684 3307 est,
721 3264 765 3300 ut
793 3259 996 3314 Koepkius
1033 3261 1070 3300 iu
1101 3260 1315 3310 Prole-gom.
1352 3258 1650 3310 interpretationi
1681 3256 1757 3297 lab.
1788 3257 2024 3310 germanicae
2048 3257 2261 3311 'praemiss-
2299 3269 2337 3310 p.
2367 3255 2402 3295 L
2430 3255 2591 3296 Ennium

604 3329 876 3382 Naeviumque
900 3330 1071 3383 proxime
1099 3330 1360 3370 Andronicum
1389 3330 1636 3370 successisse
1662 3329 1805 3370 dixerit.
1841 3328 1913 3381 (es.
1942 3341 1978 3382 p.
2010 3326 2115 3378 Lu.)
