2925 3802
338 1184 557 1303 Quam
607 1230 894 1299 incommode
933 1229 1176 1290 ceciderit,
1225 1228 1351 1295 quod
1398 1228 1673 1293 paucissima
1721 1235 1899 1277 tantum
1940 1228 1998 1276 de
2034 1227 2278 1277 multorum
2314 1238 2524 1279 veterum

336 1329 614 1392 scriptorum
660 1328 766 1375 vitis
806 1327 975 1376 tradita
1021 1337 1152 1384 sunt,
1205 1344 1353 1392 eaque
1397 1327 1460 1374 ita
1506 1343 1641 1391 saepe
1680 1325 1881 1374 obscura
1920 1335 2060 1391 atque
2105 1328 2226 1375 inter
2260 1345 2310 1376 se
2348 1328 2524 1378 discre-

259 1474 261 1476 ,
336 1425 515 1489 pantia,
555 1432 633 1484 ut,
686 1426 724 1473 si
762 1426 877 1489 quid
914 1425 1160 1474 verisimile
1206 1424 1329 1472 effici
1367 1425 1536 1489 possit,
1587 1440 1680 1471 uon
1728 1425 1826 1472 sine
1860 1415 2033 1488 mag-no
2079 1424 2238 1473 labore
2278 1434 2326 1473 et
2372 1426 2525 1497 multi-

339 1523 449 1587 plici
500 1523 708 1589 periculo
770 1532 996 1572 tentetur=
1059 1540 1296 1589 nunquam
1347 1540 1441 1570 non
1487 1522 1691 1570 sentiunt
1739 1523 1796 1578 ii,
1857 1538 2056 1586 quorum
2115 1539 2217 1570 sese
2266 1522 2416 1571 studia
2468 1525 2526 1572 ad

343 1622 619 1698 continuam*
663 1621 893 1702 quandam
947 1621 1143 1688 alicujus
1193 1621 1379 1669 illorum
1425 1620 1781 1668 familiaritatem
1832 1621 2207 1687 insinuaverunt,
2261 1621 2530 1687 intelligunt

340 1719 538 1785 denique
577 1737 766 1781 omnes,
815 1722 896 1786 qui
941 1719 1017 1767 vel
1057 1718 1172 1766 nihil
1222 1718 1439 1778 omniuo,
1484 1717 1616 1784 quod
1651 1717 1709 1765 ad
1748 1718 2032 1783 antiquitatis
2067 1719 2377 1784 coguitionem
2415 1738 2528 1785 qua-

342 1834 526 1883 cunque
572 1821 751 1867 ratione
795 1818 1055 1884 pertineat,
1108 1814 1350 1882 indignum
1388 1814 1714 1882 disquisitione
1754 1815 2048 1865 arbitrantur.
2124 1816 2256 1865 Inter
2292 1816 2530 1866 Romanos

342 1916 530 1983 quidem
567 1921 816 1983 scriptores
852 1918 1145 1967 scenicorum
1191 1924 1436 1981 poetarum
1482 1913 1583 1964 fere
1619 1916 1823 1964 omnium
1878 1916 1998 1965 vitae
2031 1917 2171 1964 tantis
2209 1916 2387 1965 offusae
2422 1926 2531 1965 sunt

341 2016 573 2077 tenebris,
625 2023 700 2076 ut,
746 2033 865 2081 quae
907 2018 1027 2063 scire
1073 2015 1325 2079 plurimum
1362 2015 1579 2076 interest,
1629 2029 1685 2061 ea
1733 2014 1833 2076 ipsa
1879 2012 1939 2060 ad
1977 2022 2184 2078 apertam
2221 2015 2529 2080 cognitionem

347 2131 439 2161 non
486 2115 801 2179 pervenerint.
874 2114 1040 2179 Itaque
1089 2130 1233 2178 quum
1280 2128 1399 2177 quae
1436 2110 1515 2159 alii
1557 2117 1764 2159 veterum
1797 2110 2118 2159 Romanorum
2161 2110 2219 2160 de
2263 2129 2315 2161 re
2351 2114 2533 2161 scenica

344 2210 557 2281 feruntur
593 2211 933 2276 composuisse,
968 2218 1067 2258 tum
1104 2209 1174 2259 M.
1211 2209 1436 2257 Varronis
1475 2209 1648 2276 scripta
1682 2207 1743 2255 ad
1779 2210 1941 2273 poesin
1978 2208 2240 2257 Romanam
2279 2210 2534 2273 spectantia

345 2316 391 2356 et
429 2308 528 2357 sive
568 2304 690 2357 Attii
728 2308 826 2358 sive
864 2304 997 2373 Ateji
1022 2305 1075 2373 ¹⁸)
1110 2304 1256 2355 libros
1292 2304 1634 2369 didascalicon,
1656 2301 1736 2374 “)
1777 2305 1823 2353 in
1860 2294 2029 2371 quibus
2064 2304 2121 2355 de
2161 2305 2305 2372 poetis
2340 2307 2536 2355 scenicis

346 2424 606 2472 eorumque
649 2407 824 2455 fabulis
868 2407 985 2456 bene
1035 2415 1175 2472 atque
1216 2403 1393 2454 erudite
1441 2403 1722 2468 disputatum
1757 2423 1875 2454 esse
1912 2405 2132 2467 traditur,
2181 2404 2384 2469 perditos
2424 2405 2537 2471 jure

347 2514 506 2554 nostro
545 2506 872 2555 desideramus.
950 2506 1189 2568 Quoniam
1229 2507 1375 2571 igitur
1414 2503 1471 2552 de
1510 2503 1697 2565 Plauti,
1747 2508 1868 2552 inter
1910 2506 2111 2553 comicos
2159 2512 2321 2569 poetas
2363 2494 2538 2553 Roma·

351 2621 516 2651 norum
561 2604 699 2653 facile
739 2605 984 2670 principis,
1020 2604 1113 2652 vita
1149 2619 1374 2669 quaerere
1409 2600 1520 2649 mihi
1555 2601 1703 2649 visum
1744 2611 1841 2661 est,
1879 2619 1972 2649 non
2013 2619 2105 2669 quo
2141 2601 2330 2650 meliora
2346 2639 2359 2660 ,
2400 2620 2540 2669 quam

349 2720 470 2767 quae
509 2701 568 2750 ab
603 2681 707 2751 aliis
743 2702 926 2767 prodita
966 2709 1100 2750 antea
1138 2709 1276 2761 sunt,
1314 2699 1580 2766 legentibus
1616 2701 1961 2764 propositurum
1996 2718 2068 2748 me
2103 2718 2204 2748 esse
2240 2700 2540 2762 confiderem,

351 2800 434 2846 sed
485 2804 620 2864 quia,
669 2818 788 2864 quae
827 2801 896 2846 illi
948 2803 1264 2864 scripserunt,
1319 2816 1478 2845 eorum
1523 2798 1611 2844 alia
1659 2798 1872 2861 augenda
1922 2816 2045 2854 esse,
2095 2798 2187 2844 alia
2236 2800 2456 2846 mutanda
2498 2810 2543 2847 et

503 3006 539 3061 *)
568 3006 614 3048 L.
651 3006 816 3055 Attium,
851 2975 1007 3061 poetam
1046 3005 1254 3059 tragicum,
1302 3006 1495 3046 auctorem
1541 3002 1665 3046 fuisse
1704 3003 1978 3046 demonstravit
2015 3004 2188 3060 Madvig.
2231 3005 2384 3062 Opnsc.
2422 3005 2543 3048 Acad.

480 3085 485 3090 ’
569 3090 608 3132 p.
630 3078 683 3120 87
712 3089 772 3131 sq.
800 3075 849 3117 cf.
879 3074 1002 3129 Laug.
1035 3074 1192 3117 Vindic.
1227 3077 1325 3127 trag.
1364 3073 1476 3114 Rom.
1502 3087 1540 3128 p.
1570 3073 1608 3116 3.
1663 3073 1835 3116 Mueller.
1859 3072 1910 3114 ad
1940 3073 2055 3115 Varr.
2082 3074 2129 3116 L.
2152 3075 2199 3117 L.
2233 3076 2283 3123 V,
2311 3077 2375 3123 98,
2417 3088 2455 3129 p.
2479 3076 2545 3120 39.

571 3145 733 3199 Grysar.
764 3146 801 3185 iu
825 3145 960 3185 Dium.
985 3144 1178 3185 Scholast.
1210 3158 1245 3187 a.
1279 3145 1383 3188 1832
1410 3159 1448 3198 p.
1477 3146 1578 3192 3173
1610 3145 1724 3197 Atejo
1753 3145 2001 3197 grammatico
2031 3146 2220 3187 vindicare
2255 3145 2371 3187 libros
2396 3147 2547 3187 studuit

569 3213 716 3255 Osann.
744 3214 856 3255 Aual.
893 3215 972 3256 crit.
1007 3228 1045 3268 p.
1075 3215 1128 3257 60
1155 3227 1239 3268 sq„
1282 3227 1448 3269 eumque
1479 3215 1604 3255 secuti
1631 3212 1840 3256 weichert.
1875 3213 1985 3255 Poet.
2014 3214 2076 3255 lat.
2113 3214 2215 3267 reliq.
2242 3228 2279 3268 p.
2307 3215 2373 3257 46.
2431 3214 2546 3256 Both.

570 3282 678 3323 Poet.
704 3297 810 3324 seen.
839 3284 904 3325 lat.
933 3282 979 3324 T.
1007 3284 1058 3324 V.
1088 3298 1126 3338 p.
1157 3286 1179 3326 1
1209 3287 1286 3325 not.

489 3367 540 3417 ’Ἴ
571 3365 630 3405 De
657 3365 779 3406 forma
810 3366 931 3420 hujus
959 3365 1131 3407 vocabuli
1157 3366 1231 3406 vid.
1261 3366 1410 3406 Osann.
1438 3365 1549 3406 Aual.
1578 3380 1616 3419 p.
1646 3366 1698 3407 62
1725 3371 1801 3408 not.
1830 3365 2040 3408 Weicbert.
2069 3380 2109 3419 p.
2136 3366 2202 3407 46.

2006 3447 2024 3484 1
2044 3441 2066 3462 *
