2925 3802
1442 324 1479 384 4

357 466 661 533 corrigenda,
717 466 871 513 omnia
918 465 1117 529 denique
1164 465 1425 512 accuratius
1474 464 1801 530 dijudicanda
1819 445 2054 524 intellexi.
2101 471 2197 554 sed
2235 477 2451 539 quoniam
2505 476 2562 524 de

354 564 512 613 Plauti
574 567 669 612 vita
726 564 931 612 scribere
980 563 1088 609 mihi
1140 547 1387 627 proposui,
1450 563 1566 610 nihil
1619 567 1824 629 suppetit
1882 575 2069 630 practer
2121 548 2294 633 paucos
2339 582 2561 635 veterum,

357 661 598 709 Ciceronis
642 664 851 727 inprimis
888 669 1027 724 atquc
1066 659 1232 719 Gellii,
1280 660 1438 719 locos,
1487 660 1545 706 ad
1595 678 1713 724 quos
1749 665 1898 710 omnis
1950 665 2244 714 revocabitur
2296 670 2561 735 disputatio,

354 760 445 806 nisi
491 767 644 807 tamen
693 776 787 806 non
838 760 925 806 erit
970 758 1332 823 negligendum,
1392 759 1432 805 si
1486 757 1598 821 quid
1653 759 1818 824 conjici
1866 761 2175 826 probabiliter
2227 785 2364 832 posse
2415 773 2559 818 visum

357 858 512 906 fuerit.

578 954 773 1003 Marcus
824 953 988 1001 Attius
1014 954 1064 1018 ²⁸¹)
1114 952 1432 1017 Plautus‚**)
1492 953 1758 1001 auctoribus
1806 955 1953 1003 Festo
2007 961 2053 1005 in
2095 979 2135 1007 v.
2174 961 2303 1011 Ploti
2351 975 2396 1012 et
2443 967 2558 1014 Hie-

356 1068 548 1115 ronymo
587 1052 635 1098 in
679 1050 857 1099 Chron.
899 1049 1075 1097 Euseb.
1118 1047 1307 1113 Olymp.
1341 1046 1462 1107 145,
1505 1060 1639 1096 natus
1678 1060 1748 1096 est
1783 1051 2129 1116 sassinac‚***)
2168 1061 2295 1122 quod
2336 1062 2558 1125 oppidum

355 1148 413 1196 ad
451 1148 631 1196 laevam
670 1147 812 1212 Sapis
851 1147 980 1194 fluvii
1017 1149 1165 1211 ripam
1206 1148 1341 1193 situm
1382 1147 1469 1193 fuit
1507 1149 1554 1193 in
1593 1150 1942 1211 septentrionali
1980 1152 2203 1202 Umbriae
2241 1166 2391 1220 parte,
2422 1158 2559 1223 juxta
2623 1161 2632 1171 ¹

502 1352 539 1408 *)
567 1350 734 1393 Multum
761 1351 855 1391 inter
885 1351 995 1400 viros,
1016 1349 1154 1391 doctos
1183 1349 1440 1405 disceptatum
1470 1355 1551 1400 est,
1584 1354 1711 1392 utrum
1737 1351 1879 1396 Attius
1905 1355 2049 1398 rectius
2077 1357 2287 1408 scribatur,
2317 1376 2366 1402 an
2393 1362 2556 1402 Accius.

572 1421 762 1462 Dubitant
789 1421 832 1460 C.
851 1421 896 1459 F.
924 1421 1132 1460 Hermann.
1162 1419 1270 1459 Lect.
1294 1420 1469 1460 Persian.
1501 1419 1645 1473 (Marb.
1680 1423 1798 1473 1842)
1827 1421 1892 1464 lll.
1920 1439 1958 1479 p.
1976 1426 2001 1468 6
2030 1431 2069 1467 31
2094 1427 2269 1469 Classen.
2299 1429 2377 1471 Cic.
2407 1430 2555 1473 Cluent-

569 1493 724 1545 p.172;
760 1489 979 1529 Fridericus
1016 1493 1144 1528 autem
1174 1488 1412 1528 Ritschelius
1442 1490 1479 1527 in
1508 1490 1654 1541 majore
1687 1489 1921 1532 Bacchidum
1953 1494 2119 1536 editione
2148 1497 2257 1538 titulo
2288 1499 2555 1553 inscripserat:

567 1558 623 1599 M.
656 1558 762 1597 Acci
786 1557 936 1604 Plauti,
962 1559 998 1596 in
1026 1558 1169 1595 minore
1194 1557 1377 1594 correxit:
1408 1556 1530 1604 Atti;
1567 1556 1642 1594 vid.
1672 1556 1760 1616 Chr.
1785 1558 1925 1600 Baehr.
1952 1563 1988 1600 in
2016 1565 2420 1622 Annal.Heidelb.a.
2453 1569 2558 1610 1836

569 1641 607 1680 p.
642 1629 731 1669 171.
787 1626 866 1666 Sed
896 1626 930 1667 si
965 1625 1135 1678 antiquis
1165 1621 1472 1677 inscriptionibus
1507 1628 1569 1663 est
1596 1625 1720 1676 potior
1750 1628 1848 1668 fides
1878 1628 2079 1678 habenda,
2119 1638 2158 1673 et
2192 1636 2228 1673 si
2265 1638 2395 1688 ipsum
2421 1649 2556 1676 nomen

571 1696 621 1737 ab
651 1696 757 1737 Atta
803 1695 872 1746 (cl'
901 1693 1111 1736 Neukirch.
1142 1693 1191 1733 de
1219 1692 1298 1732 sab.
1327 1697 1405 1746 tog.
1442 1693 1552 1733 Rom
1583 1694 1693 1748 Lips.
1723 1696 1827 1738 1833
1855 1713 1892 1750 p.
1922 1700 2017 1750 153)
2057 1701 2215 1741 ductum
2252 1716 2344 1743 esse
2381 1706 2457 1744 veri
2484 1718 2556 1745 non

569 1772 633 1808 est
657 1767 968 1812 dissimillimum,
1000 1763 1199 1804 commode
1226 1765 1384 1802 formam
1413 1762 1557 1802 Attius
1584 1765 1811 1815 praetulisse
1840 1766 2013 1806 videntur
2028 1768 2175 1808 Osann.
2201 1771 2313 1809 Anal.
2332 1774 2410 1810 crit.
2438 1786 2476 1826 p·
2492 1774 2555 1814 61.

568 1836 743 1878 Schmid.
785 1836 836 1877 ad
862 1834 997 1876 Horat.
1028 1832 1154 1887 Epist.
1192 1829 1248 1878 ll,
1285 1829 1322 1878 1,
1361 1833 1425 1874 56.
1509 1831 1734 1892 Schneider.
1773 1835 1940 1875 Gramm.
1988 1837 2052 1877 lat.
2091 1839 2181 1890 ling.
2209 1839 2254 1879 11.
2300 1856 2337 1895 p.
2366 1844 2448 1882 444
2488 1843 2556 1891 (cf-

568 1921 607 1961 p,
636 1905 748 1957 242).
816 1902 987 1945 Τ311111111
1027 1916 1116 1942 vero
1154 1901 1281 1947 istud,
1328 1900 1433 1955 quod
1470 1901 1659 1941 interdurn
1684 1905 1869 1956 scriptum
1908 1907 2070 1958 legitur,
2106 1910 2258 1950 Actius
2284 1912 2401 1950 ullius
2430 1914 2556 1964 gentis

569 1977 770 2019 Romanae
800 1974 923 2015 fuisse
952 1973 1150 2014 verissime
1186 1975 1300 2023 negat
1329 1971 1505 2011 Classen.
1536 1971 1558 2010 1.
1588 1972 1611 2011 l.
1641 1995 1698 2002 —
1751 1972 1929 2013 Ceterum
1962 1976 2056 2027 quid
2084 1981 2167 2023 est,
2205 1979 2311 2031 quod
2344 1978 2556 2034 nuperrime

570 2046 618 2089 A.
647 2042 884 2088 Fleckeisen.
927 2039 1134 2084 Exercitat.
1170 2039 1297 2082 Plaut.
1343 2039 1493 2091 (Goett.
1521 2042 1643 2093 1842)
1688 2056 1726 2096 p.
1757 2045 1793 2086 7.
1835 2060 1872 2097 p.
1906 2046 1954 2087 16
1996 2050 2035 2087 et
2063 2046 2341 2090 Schneidewin·
2383 2053 2421 2090 in
2451 2053 2555 2091 Mus.

570 2115 695 2156 Rhen.
726 2112 863 2155 Philol.
890 2125 924 2153 a.
959 2113 1063 2154 1843
1092 2125 1129 2165 p.
1156 2112 1235 2154 415
1263 2110 1482 2151 maluerunt
1511 2109 1689 2152 Plautum
1718 2114 2006 2166 praenominare
2038 2114 2081 2155 T.
2110 2114 2350 2159 Maecium?

481 2214 540 2264 **)
568 2212 717 2254 Festus
747 2215 805 2264 (p.
832 2210 908 2252 128
934 2208 1149 2255 Madame:
1178 2205 1296 2247 Plora·
1318 2207 1599 2260 appellantur,
1640 2211 1712 2261 qui
1732 2217 1827 2250 eunt
1851 2211 1988 2264 planis
2010 2213 2204 2266 pedibus,
2228 2217 2335 2255 unde
2362 2225 2405 2257 et
2429 2224 2556 2270 poeta

569 2284 734 2328 Attius,
771 2282 866 2334 quia
901 2277 1047 2319 Umber
1075 2276 1269 2317 sarsinas
1297 2284 1389 2316 erat
1415 2278 1529 2326 (nam
1568 2276 1731 2327 Umbri,
1756 2279 1930 2332 pedibus
1951 2282 2088 2333 planis
2117 2283 2228 2336 quod
2252 2292 2406 2332 essent,
2437 2283 2559 2324 Ploti

567 2352 813 2408 appellati),
850 2364 876 2390 a
900 2349 1048 2403 pedum
1073 2347 1250 2407 planitie
1280 2349 1396 2386 mitio
1429 2346 1607 2396 Plotus,
1643 2357 1789 2401 postea
1817 2348 1996 2392 Plautus
2025 2359 2090 2391 est
2117 2352 2263 2392 dictus.
2320 2353 2382 2393 De
2407 2367 2557 2406 permu-

569 2422 711 2462 tatione
749 2432 888 2459 vocum
933 2415 1080 2457 Plotus
1119 2419 1157 2455 et
1189 2413 1367 2455 Plautus
1397 2414 1446 2454 cf.
1477 2415 1700 2456 Schneider.
1731 2417 1897 2458 613111111-
1925 2418 1971 2458 11.
2007 2434 2046 2472 p.
2077 2420 2140 2462 61.
2169 2419 2380 2460 Weichert.
2410 2418 2456 2473 p.'
2475 2423 2557 2462 218

567 2495 654 2539 not;
696 2490 745 2529 de
784 2488 926 2539 origine
969 2485 1142 2526 vocabuli
1174 2483 1215 2524 C.
1246 2484 1476 2525 Schwenck.
1517 2487 1554 2525 in
1580 2486 1793 2527 Zimmerm.
1823 2488 1925 2526 Diar.
1958 2502 1991 2526 a.
2027 2489 2130 2531 1836
2156 2503 2193 2542 p.
2224 2491 2318 2530 570.
2375 2488 2555 2528 Doederl.

566 2560 782 2614 Synonym.
812 2556 857 2596 Τ.
884 2556 939 2594 Vl
979 2571 1015 2609 p.
1044 2555 1137 2597 273.
1207 2555 1363 2596 Nomen
1389 2555 1540 2596 Planta·
1572 2557 1622 2596 ab
1657 2565 1834 2605 auctore,
1872 2560 2053 2612 quisquis
2087 2560 2174 2606 suit,
2209 2560 2353 2612 prologi
2380 2559 2556 2605 Casinae,

566 2631 670 2671 risus
708 2627 888 2681 captandi
936 2626 1078 2678 gratia,
1118 2629 1162 2665 ut
1203 2640 1290 2665 mos
1328 2630 1409 2665 erat
1447 2628 1560 2665 etiarn
1605 2629 1642 2666 in
1680 2629 1938 2674 tenuissimis,
1982 2628 2138 2669 latrans
2180 2642 2271 2667 esse
2312 2627 2556 2681 appellatum,

568 2711 710 2752 quum,
751 2697 912 2736 docente
941 2695 1060 2734 Festo
1090 2700 1147 2747 (p.
1175 2695 1294 2749 126),
1335 2695 1459 2735 Plauti
1490 2695 1579 2735 olim
1611 2698 1732 2736 vocati
1764 2697 1840 2737 sint
1867 2711 1986 2738 canes
2023 2698 2200 2751 quidam,
2246 2711 2410 2751 quorum
2437 2710 2555 2738 aures

568 2767 824 2818 languidiores
861 2768 996 2804 essent
1030 2765 1224 2817 latiusque
1262 2764 1476 2804 viderentur
1514 2770 1666 2819 patere,
1711 2766 1806 2805 hene
1844 2768 1991 2806 monuit
2038 2766 2152 2806 11031.
2181 2766 2394 2807 Commeat.
2426 2764 2553 2805 Plaut.

569 2835 647 2895 (ed.
680 2835 790 2886 Lips.
824 2834 946 2884 1536)
973 2847 1010 2885 p.
1044 2834 1147 2879 2973
1185 2833 1232 2872 cf.
1259 2833 1392 2872 Wolff.
1424 2835 1642 2888 prolegom.
1672 2837 1721 2874 ad
1748 2834 1873 2873 Aulul.
1903 2835 2067 2885 (Numh.
2099 2837 2222 2888 1836)
2245 2848 2282 2887 p.
2314 2834 2498 2876 12—13.

458 2919 534 2967 Μ’)
563 2916 792 2957 Dubitatum
832 2920 895 2955 est
931 2915 980 2954 de
1018 2916 1230 2968 scriptura3
1274 2916 1348 2955 vid.
1380 2917 1565 2957 Heinsius
1603 2921 1642 2956 et
1670 2917 1841 2971 Ruperti.
1881 2918 1929 2957 ad
1964 2918 2033 2957 Sil.
2073 2916 2153 2957 ltal.
2185 2917 2281 2957 Pun.
2311 2914 2425 2962 Vlll,
2460 2916 2574 2957 463.v

564 2984 787 3026 Schneider.
810 2984 980 3025 Gramm.
1010 2983 1055 3023 11.
1083 2997 1121 3038 p.
1151 2987 1240 3026 508.
1296 2985 1487 3025 Ritschel.
1509 2975 1559 3025 ’111
1587 2985 1668 3025 lnd.
1699 2987 1822 3028 schol.
1841 2988 1974 3029 Bonn.
2002 3001 2037 3028 a.
2067 2988 2169 3030 1841
2199 3001 2236 3041 p.
2270 2986 2316 3025 V.
2374 2984 2553 3026 Doederl.

566 3057 713 3112 Synon.
744 3055 788 3095 T.
818 3054 881 3095 nl.
910 3070 947 3110 p.
975 3058 1066 3098 282.
1124 3055 1267 3096 Verum
1306 3061 1374 3097 aut
1407 3057 1499 3097 nihil
1525 3057 1771 3099 tribuendum
1812 3055 2125 3111 inscriptionibus
2159 3057 2348 3110 antiquis,
2387 3058 2454 3095 aut
2494 3054 2553 3094 vix

566 3126 656 3165 licet
688 3124 886 3171 dubitare,
929 3126 1017 3178 quin
1047 3124 1244 3164 Sassmae
1280 3139 1415 3165 nornen
1451 3127 1634 3166 usitatius
1669 3129 1803 3174 fuerit,
1842 3140 1958 3179 quam
1987 3124 2195 3166 Sarsinao.
2250 3124 2346 3164 Vid.
2381 3122 2552 3177 lnscript.

564 3196 716 3236 Gruter.
759 3210 797 3250 p.
824 3195 1001 3249 29724211.
1030 3195 1110 3236 322
1154 3207 1188 3232 n.
1212 3195 1249 3235 4.
1296 3209 1333 3248 p.
1363 3198 1442 3238 522
1495 3210 1529 3235 n.
1558 3198 1595 3238 8.
1641 3210 1678 3249 p.
1703 3198 1784 3239 889
1829 3211 1863 3236 11.
1893 3197 1929 3238 9.
2011 3194 2141 3235 Orelli.
2190 3193 2366 3247 lnscript.
2423 3193 2495 3233 vol.
2519 3191 2554 3232 ll

563 3279 601 3318 p·
629 3265 710 3307 285
739 3277 774 3303 n.
803 3264 920 3305 4404.
976 3263 1090 3303 Nihili
1118 3269 1248 3306 autem
1283 3272 1362 3315 est,
1398 3254 1512 3321 quem
1542 3267 1781 3309 W'achlerus
1811 3268 1966 3324 scripsit
1990 3264 2138 3318 (Θεῖἀ).
2165 3266 2202 3308 b.
2229 3262 2299 3308 811.
2330 3263 2347 3304 l
2379 3278 2416 3318 p.
2442 3265 2551 3316 181),

564 3333 724 3386 pluralis
755 3346 940 3374 numerus
968 3332 1179 3375 Sassinae.
2140 3364 2145 3368 -
