2925 3802
1462 309 1502 369 8

375 452 434 501 ad
473 454 624 518 ipsam
673 459 870 503 aetatem
920 455 1118 512 attinet,
1158 470 1302 518 quum
1348 425 1561 517 pluribus
1613 453 1726 501 locis
1748 452 1821 516 ¹⁶),
1880 428 1978 502 tum
2042 454 2125 502 illo
2166 455 2430 520 Ciceronis,
2481 476 2585 507 eum

375 551 550 600 Plauto
603 551 839 613 Naevius,
901 569 1037 616 quem
1079 551 1179 616 jam
1233 560 1337 599 ante
1387 560 1602 617 coeptum
1657 554 1853 617 primum
1907 553 2136 600 Punicum
2186 554 2361 604 bellum
2414 560 2582 607 vixisse
2652 586 2656 595 ·

376 649 629 699 verisimile
679 646 866 718 est,„**)
925 633 1262 714 aliquantulum
1310 668 1395 698 nos
1447 659 1630 712 movet,
1693 659 1744 699 ut
1798 660 1877 700 aut
1932 639 2096 718 quinto
2144 655 2303 703 seculo
2355 665 2437 705 aut
2481 659 2583 723 ipso

375 758 510 798 sexto
550 752 737 799 ineunte
785 757 944 797 natum
996 767 1098 797 esse
1148 757 1333 815 poetam
1385 749 1725 809 existimemuS,
1777 749 1875 814 vel,
1923 752 1962 798 si
2017 753 2097 815 qui
2146 751 2277 801 brevi
2320 755 2584 818 praecidere

376 847 650 907 maluerint,
701 864 822 895 anno
859 846 981 896 500.

602 945 857 994 Videamus
920 963 1045 993 nunc
1096 946 1152 992 de
1206 963 1287 1006 e0,
1349 945 1405 993 de
1448 964 1541 1011 quo
1594 947 1707 994 nihil
1763 930 1875 995 certi
1931 947 2149 996 traditum
2197 957 2294 1009 est,
2356 951 2583 1017 conjicere

377 1045 568 1110 egregie
617 1044 752 1103 licet,
801 1045 858 1091 de
899 1062 1071 1109 genere
1112 1040 1284 1090 Plauti.
1359 1044 1527 1109 Neque
1567 1047 1688 1092 enim
1741 1047 1822 1105 iis,
1875 1047 1953 1110 qui
2006 1046 2179 1093 dictum
2227 1047 2349 1094 istud
2387 1049 2583 1097 Minucii

378 1142 548 1189 Felicis
598 1139 673 1206 (p.
707 1140 813 1189 115
866 1141 974 1192 edit.
1024 1140 1226 1206 Ouzel.)
1289 1145 1425 1191 Ιιοηιο
1453 1143 1729 1192 ·Ρ1αιιίἰηαε
1774 1145 2048 1210 prosapiae,
2115 1142 2177 1191 ad
2233 1116 2403 1209 ipsumv
2437 1164 2585 1212 genus

376 1247 539 1302 poetae
591 1239 887 1286 referendum
942 1257 1045 1286 esse
1099 1248 1390 1302 statuerunt,
1452 1240 1549 1287 ullo
1597 1240 1734 1286 modo
1783 1239 2108 1301 concedimuS,
2164 1257 2307 1304 quum
2368 1258 2419 1287 ea
2470 1244 2583 1306 ipsa,

299 1382 305 1391 ,
376 1352 497 1401 quae
533 1338 745 1399 proxime
784 1344 1068 1400 sequuntur,
1115 1345 1166 1383 ut
1200 1338 1429 1401 pastorum
1463 1340 1767 1403 praecipuus,
1819 1340 1885 1384 ita
1914 1346 2169 1403 postremus
2207 1339 2584 1403 philosophorum

375 1433 494 1481 nihil
541 1433 694 1494 aliud,
749 1427 838 1481 ni'si
882 1434 1168 1482 notissimum
1217 1434 1334 1481 illud
1387 1451 1556 1481 munus
1602 1435 1866 1498 pistorium,
1917 1434 1973 1483 de
2020 1451 2113 1499 quo
2164 1434 2283 1482 infra
2320 1435 2583 1500 loquemur,

378 1532 642 1581 Minucium
691 1532 1009 1598 significasse,
1078 1534 1190 1581 satis
1247 1533 1578 1581 demonstrent.
1674 1533 1771 1580 Sed
1830 1552 1974 1599 quum
2022 1551 2208 1595 eorum,
2269 1535 2350 1599 qui
2408 1535 2584 1595 seculo,

377 1649 471 1697 quo
511 1634 598 1679 arti
637 1634 842 1697 poeticae
880 1632 1031 1681 honor
1071 1634 1170 1680 sere
1221 1633 1378 1681 nullus
1419 1631 1646 1692 dabatur,
1691 1640 1798 1695 post
1833 1632 1971 1681 Rom.
2014 1632 2183 1682 condit.
2224 1633 2492 1696 sexto,***)
2538 1636 2583 1680 in

377 1748 433 1779 eo
470 1730 730 1779 studiorum
770 1749 944 1795 genere
986 1731 1334 1790 excelluerunt,
1384 1732 1421 1777 si
1472 1748 1567 1776 non
1603 1748 1789 1789 omnes,
1840 1739 1887 1776 at
1935 1731 2150 1795 plerique
2188 1739 2269 1776 aut
2310 1731 2466 1777 servili
2506 1740 2585 1776 aut

378 1837 503 1876 certe
555 1831 682 1875 tenui
742 1828 1042 1895 ohscuroque
1099 1829 1204 1874 loco
1257 1831 1352 1875 nati
1403 1830 1549 1874 fuisse
1602 1827 1957 1892 perhibeantur,
1982 1828 2043 1892 †)
2103 1837 2199 1875 tum
2252 1827 2450 1886 Plauto,
2514 1831 2584 1875 cui

376 1934 503 1975 tanta
550 1926 835 1975 adolescenti
881 1925 941 1973 ab
996 1925 1167 1991 opibus
1224 1925 1458 1974 destitutio
1506 1926 1814 1990 Fortunaeque
1869 1927 1958 1974 fuit
2008 1926 2304 1982 vicissitudo,
2374 1926 2582 1973 infimum

378 2042 527 2090 genus
583 2025 730 2072 fuisse
789 2041 882 2074 non
943 2022 1236 2071 incommode
1284 2023 1567 2088 judicamus.
1644 2024 1709 2071 Et
1767 2031 1990 2088 quantum
2040 2027 2137 2088 ipse
2182 2026 2229 2071 in
2277 2023 2447 2071 sabulis
2490 2024 2585 2070 suis

379 2123 685 2187 patrocinium
747 2124 951 2186 suscepit
1010 2121 1316 2186 paupertatis!
1381 2139 1519 2186 quam
1577 2121 1768 2170 divitum
1826 2120 2061 2169 hominum
2120 2122 2252 2182 vitia,
2323 2120 2586 2186 superbiam

378 2222 590 2285 inprimis
630 2229 771 2286 atque
810 2224 1154 2285 arrogantiam,
1208 2220 1484 2285 castigavit!
1563 2219 1665 2267 vid.
1712 2218 1877 2269 Aulul.
1914 2220 1983 2281 Π,
2003 2220 2071 2281 II,
2103 2218 2183 2269 19.
2221 2220 2314 2280 ΙΠ,
2333 2221 2423 2280 IV,
2446 2217 2474 2266 1
2517 2235 2584 2282 sq.

379 2318 578 2366 Poenul.
616 2318 722 2380 111,
756 2319 807 2379 Ι,
840 2316 908 2366 12
934 2335 1005 2385 sq.
1060 2319 1167 2376 111,
1200 2318 1300 2379 vl,
1338 2316 1407 2365 16
1439 2334 1508 2383 sq.
1559 2315 1651 2382 (cf.
1689 2318 1955 2383 Vissering.
2003 2326 2182 2384 quaest.
2226 2317 2381 2369 Plaut.
2422 2317 2481 2369 P.
2520 2316 2585 2367 11.

379 2434 424 2480 p.
460 2415 577 2481 26).
625 2418 772 2466 Most.
810 2417 873 2478 V,
895 2418 961 2476 Π,
992 2415 1076 2464 20.
1134 2416 1311 2464 Cistell.
1355 2416 1424 2476 11,
1450 2415 1492 2475 1,
1513 2413 1598 2462 60.
1655 2414 1948 2464 Menaechm.
1987 2416 2076 2476 IV,
2098 2417 2165 2476 II,
2191 2414 2226 2463 8
2250 2433 2318 2480 sq.
2374 2416 2586 2463 Trinum.

379 2515 470 2576 lv,
491 2517 533 2575 1,
557 2514 628 2563 10
652 2533 724 2581 sq.
783 2517 844 2565 ct.
886 2515 1126 2563 Petersen.
1173 2515 1219 2560 in
1257 2513 1522 2562 Zimmerm.
1556 2513 1696 2560 'Dian
1737 2531 1780 2578 p.
1823 2512 1943 2564 608.

535 2750 572 2804 ⁸¹)
603 2749 726 2798 Vide,
756 2748 849 2803 quid
872 2747 1053 2803 ponderis
1083 2747 1171 2788 insit
1198 2747 1408 2801 particulae
1436 2759 1530 2787 nam
1559 2746 1595 2786 in
1621 2743 1732 2786 Brut.
1758 2744 1850 2795 XV,
1875 2747 1941 2796 60,
1969 2745 2037 2787 ubi
2064 2739 2240 2788 (le-anno
2270 2745 2484 2799 quaeritur,
2514 2756 2590 2796 quo

600 2823 778 2860 mortuus
808 2823 871 2860 est
898 2819 1082 2859 Naevius.

519 2902 577 2957 ”)
604 2902 718 2953 Quae
758 2903 807 2942 de
835 2902 975 2942 Naevii
1011 2905 1137 2941 aetate
1168 2899 1370 2953 Koepkius
1398 2913 1435 2953 p.
1462 2898 1518 2940 LI
1546 2899 1734 2953 prodidit,
1771 2898 1872 2939 nihili
1897 2902 2000 2940 sunt.

501 2986 580 3035 *·‘)
605 2985 701 3026 Gen.
730 2988 829 3024 noct.
858 2984 937 3024 Att.
967 2982 1051 3030 Xl,
1075 2985 1113 3025 2.
1180 2981 1257 3023 Cic.
1297 2986 1451 3036 quaest.
1483 2979 1602 3021 Tusc.
1633 2980 1661 3027 1,
1686 2982 1712 3022 2
1739 2980 1786 3020 cf.
1818 2980 1970 3021 Osann.
2000 2981 2109 3021 Anal.
2138 2993 2175 3033 p.
2207 2982 2240 3022 1.
2305 2978 2418 3019 Rost.
2445 2975 2587 3017 Comm.

603 3053 730 3093 Plaut.
756 3067 792 3106 p.
825 3053 902 3094 159
937 3056 1041 3106 οῖ’ρ.
1074 3053 1135 3093 12.
1202 3049 1376 3103 Heysius
1411 3049 1447 3088 iu
1476 3047 1610 3088 Annal.
1639 3047 1763 3088 Berol.
1797 3061 1831 3088 a.
1864 3051 1968 3092 1828
2004 3061 2040 3102 p.
2073 3049 2165 3091 475.
2204 3047 2327 3100 Lang.
2354 3044 2468 3084 Vind.
2497 3048 2590 3097 trag.

576 3103 717 3161 ¹Rom.
748 3135 785 3174 p.
814 3122 852 3162 4.
881 3120 1126 3174 Bernhardy.
1159 3118 1249 3160 hist.
1281 3119 1393 3158 Rom.
1422 3119 1476 3158 lit.
1508 3132 1546 3173 p.
1577 3118 1665 3159 160.
1699 3122 1775 3158 not.
1803 3119 1894 3160 265.

529 3205 578 3257 †)
605 3205 653 3243 cf.
680 3203 871 3257 Schlegel.
910 3202 1095 3246 θῖαηιαῒ.
1129 3201 1255 3253 ,ίῖιιηὶἰ
1291 3212 1332 3243 u.
1365 3199 1424 3246 8st
1462 3202 1489 3241 1.
1520 3214 1558 3254 p.
1583 3201 1676 3242 359.
1747 3200 1951 3255 Bergman.
1992 3199 2040 3240 de
2081 3199 2135 3241 lit.
2176 3198 2318 3240 condit.
2353 3210 2415 3250 ap.
2480 3196 2593 3237 Rom.

604 3275 672 3320 (L.
690 3275 737 3314 Β.
769 3276 893 3325 1818)
921 3289 959 3328 p.
994 3274 1054 3315 13.
1092 3274 1268 3312 Zimmer.
1296 3274 1332 3310 in
1364 3272 1463 3315 Nov.
1496 3271 1596 3310 Ann.
1626 3271 1738 3324 Lips.
1765 3285 1799 3311 a.
1831 3271 1947 3326 1839.
1976 3268 2113 3323 Suppl.
2143 3269 2192 3307 V.
2220 3267 2333 3307 Fasc.
2359 3264 2406 3312 ll,
2436 3279 2472 3319 p.
2503 3266 2594 3308 235.

605 3345 674 3383 Vir
698 3343 841 3384 doctus
870 3343 907 3382 in
932 3342 1067 3383 Diurn.
1123 3342 1321 3393 scholast.
1346 3357 1381 3385 a.
1411 3343 1526 3395 1831).
1556 3356 1593 3395 p.
1624 3343 1714 3384 587·
